2896 4874
646 238 864 301 ..50-

170 436 286 479 mense
309 414 475 502 Delphico
499 414 687 480 Bucatione
720 438 796 480 cum
824 413 942 479 Attico
965 411 1236 498 Metageitnione
1271 409 1344 475 fere

171 522 304 608 aequali
327 522 494 588 celebrata
518 544 591 586 esse
614 528 747 588 constat
771 529 872 608 atque
901 520 1046 607 septimo
1078 519 1180 585 huius
1215 517 1343 583 mensis

171 629 227 695 die
251 630 307 715 agi
323 629 475 717 coepisse
498 629 685 695 verisimile
709 635 761 694 est
784 626 859 704 (cfr.
883 627 1074 712 Kirchhoff,
1098 628 1177 692 Ber.
1202 625 1234 690 d.
1251 625 1344 690 Berl.

171 736 277 802 Acad.
304 737 391 801 1864
413 759 445 823 p.
465 733 552 819 129).
599 737 720 822 ltaque
743 735 852 801 lason
874 734 1060 800 secundum
1082 741 1236 801 nostram
1258 739 1345 798 tem-

171 866 291 930 porum
325 844 493 908 rationem
527 849 709 930 antequam
741 845 868 909 mensis
891 843 1068 929 Augustus
1104 841 1212 906 exiret
1238 841 1346 905 inter-

172 951 282 1016 fectus
307 973 380 1015 esse
403 950 541 1016 videtur
565 949 638 1034 (cfr.
663 951 783 1037 Ideler,
810 951 1014 1036 Chronolog.
1037 948 1166 1029 1385).
1200 949 1347 1014 Secutus

173 1065 226 1124 est
248 1057 352 1123 fratre
372 1058 542 1143 Polydoro
567 1059 697 1125 sublato
713 1059 921 1147 Polyphron,
946 1058 1005 1144 qui
1032 1079 1221 1144 perunum
1244 1054 1347 1121 modo

173 1156 302 1230 almum
324 1187 468 1250 regnum
492 1164 656 1251 obtinuit,
682 1189 758 1232 curn
788 1167 830 1232 ab
853 1165 1048 1232 Alexandro
1072 1171 1216 1229 mortem
1238 1156 1349 1250 patris

174 1271 338 1357 Polydori
360 1273 473 1337 ulturo
497 1296 525 1338 a.
550 1275 615 1338 369
639 1274 888 1340 interficeretur
911 1270 1015 1357 (Hell.
1039 1273 1091 1338 VI
1112 1273 1144 1356 4,
1168 1271 1225 1353 343
1255 1270 1347 1334 Plut.

174 1381 290 1466 Pelop.
305 1376 371 1463 29).
396 1379 628 1446 Alexandrum
652 1388 766 1447 autem
781 1381 952 1446 Diodorus
964 1381 1033 1446 XV
1044 1379 1088 1444 61
1104 1401 1165 1465 per
1187 1377 1350 1442 undecim

174 1509 280 1552 annos
314 1509 475 1572 regnasse
511 1487 608 1571 dicit,
650 1489 765 1573 itaque
800 1512 828 1553 1.
864 1489 931 1552 358
964 1487 1093 1553 occisus
1134 1491 1186 1550 est
1195 1480 1230 1569 ¹),
1276 1506 1348 1548 non

176 1618 206 1660 1.
230 1595 305 1679 357,
343 1617 408 1679 quo
442 1594 611 1661 Diodorus
642 1595 712 1661 alio
750 1596 824 1661 loco
859 1592 961 1679 (XV1
996 1594 1050 1674 14)
1089 1615 1166 1658 eum
1206 1591 1350 1678 periisse

78 1714 81 1718 '
178 1700 294 1785 tradit,
318 1700 378 1766 ubi
399 1725 485 1787 quae
501 1703 732 1788 compluribus
748 1703 847 1767 annis
863 1702 1070 1786 acciderunt,
1094 1723 1134 1766 ea
1147 1722 1216 1765 uno
1231 1707 1351 1766 tenore

176 1831 331 1874 narrasse
353 1809 500 1874 videtur.
548 1810 586 1875 Si
602 1832 682 1875 vero
706 1833 734 1875 1.
760 1811 826 1875 358
840 1808 1035 1875 Alexander
1054 1808 1197 1892 interiit,
1223 1807 1351 1893 quique

177 1916 209 1981 ei
232 1917 395 1982 successit
424 1916 631 2005 Tisiphonus
666 1916 873 2003 aliquamdiu
907 1917 976 1981 iam
1009 1938 1154 2002 regnum
1189 1915 1351 1999 obtinuit,
1390 1943 1392 1948 ·

180 2046 258 2088 cum
280 2023 476 2109 Xenophon
504 2024 758 2090 Hellenicorum
792 2025 917 2089 librum
943 2024 994 2090 VI
1027 2029 1256 2110 componeret,
1293 2023 1352 2087 ille

178 2131 239 2195 vix
261 2137 340 2195 ante
364 2132 671 2196 1357Ηο11011101
694 2132 856 2197 adfinem
878 2132 1062 2219 perducere
1085 2131 1206 2216 potuit.
1239 2130 1351 2215 Certe,

179 2260 256 2303 curn
280 2261 308 2303 a.
331 2239 397 2302 354
428 2240 697 2326 Xenophontem
731 2238 931 2305 defunctum
966 2262 1040 2304 esse
1075 2261 1177 2325 supra
1213 2237 1352 2304 demon-

179 2352 323 2411 stratum
347 2347 392 2410 sit
415 2348 459 2433 (p.
478 2347 519 2412 31
538 2343 611 2432 sq),
636 2347 728 2412 inter
751 2345 1352 2412 13580135110111101111Η111ο1110

180 2453 328 2519 Graecae
352 2476 430 2541 pars
455 2455 640 2540 composita
662 2450 754 2534 est2).

289 2683 316 2755 1)
354 2685 536 2756 Quamquam
555 2703 611 2756 quo
635 2704 711 2739 anno
729 2684 894 2740 Alexander
922 2684 1093 2740 interfectus
1121 2684 1168 2754 sit,
1196 2703 1255 2739 non
1282 2688 1357 2742 satis

179 2780 305 2846 constat,
333 2781 515 2830 tamencum
535 2775 593 2829 iarn
617 2777 722 2845 1359,
751 2793 807 2846 quo
826 2793 891 2830 eum
910 2780 1058 2829 mortuum
1077 2791 1139 2829 esse
1158 2774 1258 2829 dicunt
1277 2774 1357 2832 Olin-

181 2864 279 2920 tonius
305 2865 348 2934 (P.
373 2865 411 2919 H.
436 2883 500 2937 app.
527 2867 573 2936 153
596 2866 663 2937 epit.
683 2864 793 2937 p.'23.),
822 2864 942 2921 Grotius
965 2864 1023 2930 (XI
1040 2865 1094 2918 288
1112 2883 1140 2918 n.
1160 2863 1207 2934 2.),
1236 2865 1357 2921 Curtius

181 2953 242 3026 (Gr.
263 2953 886 3026 (101011.ΙΠ5431)1111011111οΡ0111111010
909 2955 981 3009 mihi
1009 2972 1068 3008 non
1090 2971 1218 3026 possum.
1255 2955 1358 3026 Neque

183 3044 260 3098 enim
280 3050 332 3116 est,
352 3063 403 3099 cur
415 3044 615 3101 Alexandrum
633 3045 768 3101 undecim
786 3045 900 3117 imperii
919 3061 1011 3099 annos
1030 3043 1189 3098 confecisse
1207 3061 1357 3116 negemus,

182 3153 274 3206 neque
293 3153 330 3189 ex
347 3134 514 3206 Plutarcho,
538 3135 672 3206 quicum
700 3154 736 3190 ex
763 3135 826 3190 vita
854 3134 1008 3189 decessisse
1036 3133 1105 3188 dicit
1134 3126 1218 3202 ὀλίγῳ
1242 3125 1359 3205 ὕστερον

185 3243 272 3295 quam
284 3223 415 3280 Thebani
424 3224 580 3298 Pelopidae
600 3231 722 3281 mortem
740 3225 794 3279 ulti
814 3230 909 3279 essent
929 3243 954 3279 a.
967 3225 1020 3278 363
1033 3224 1144 3294 (Pelop.
1158 3240 1181 3276 0.
1194 3222 1250 3292 35),
1270 3241 1358 3295 argu-

183 3319 315 3368 mentum
335 3313 498 3370 ducendum
517 3333 578 3370 esse
597 3314 740 3385 existimo,
769 3333 834 3369 cum
862 3315 918 3368 hoc
945 3312 1143 3384 indiligentius
1171 3311 1282 3367 dictum
1311 3313 1358 3384 sit,

184 3405 299 3460 etiarnsi
326 3404 525 3459 Alexandrum
553 3424 578 3459 a.
609 3405 662 3458 359
689 3403 807 3475 periisse
825 3402 957 3457 facimus.
986 3401 1166 3456 Stesiclidem
1193 3419 1262 3456 vero
1291 3422 1359 3459 cum

185 3500 285 3549 nostra
305 3495 449 3550 sententia
467 3514 526 3550 non
545 3513 676 3567 pugnare
688 3514 715 3566 p.
726 3495 759 3549 31
771 3512 812 3565 sq.
833 3493 1063 3547 demonstratum
1082 3495 1133 3545 est.
1153 3491 1183 3546 si
1192 3490 1360 3548 Alexander

186 3584 319 3639 undecim
342 3584 456 3656 imperii
474 3604 565 3640 annos
584 3585 739 3657 complevit
758 3603 783 3639 a.
803 3584 864 3654 358,
884 3582 930 3638 vel
948 3581 973 3635 si
991 3580 1161 3652 Polyphron
1180 3581 1366 3651 aliquamdiu-

185 3693 244 3729 una
262 3693 328 3729 cum
346 3674 492 3745 Polydoro
510 3675 652 3746 regnavit,
671 3695 696 3730 a.
716 3676 767 3730 357
786 3678 919 3728 mortuus
937 3676 989 3725 est.

293 3766 322 3832 2)
351 3765 388 3818 H.
399 3764 543 3837 Sauppius
552 3783 644 3837 nuper
654 3767 778 3820 alterum
787 3763 853 3818 libri
866 3761 980 3834 septimi
990 3767 1085 3833 caput,
1096 3779 1152 3832 quo
1162 3759 1360 3817 Phliasiorum

187 3873 234 3910 res
252 3874 277 3909 a.
291 3855 432 3910 369-367
446 3862 543 3927 gestas
555 3856 720 3927 Xenophon
738 3860 846 3922 narrat,
865 3853 1073 3926 digressionem
1092 3869 1154 3905 esse
1171 3849 1267 3922 priore
1285 3855 1359 3905 tem·

187 3963 256 4016 pore
287 3945 477 4017 compositam
507 3951 536 4000 et
566 3945 639 4000 libro
671 3945 802 3999 confecto
830 3945 968 4000 insertam
999 3941 1148 3998 contendit
1174 3939 1360 4012 (Goettinger

187 4035 293 4091 Nachr.
313 4037 383 4090 1882
401 4055 429 4107 p.
442 4039 495 4092 297
508 4035 589 4108 sqq).
618 4036 701 4104 Quod
719 4042 753 4090 ut
770 4035 913 4107 probaret,
933 4052 996 4088 sam
1015 4051 1104 4088 unam
1122 4029 1264 4084 rationem
1283 4035 1361 4086 attu-

188 4126 231 4196 lit,
251 4126 327 4198 quod
344 4127 487 4198 particula
505 4131 609 4199 μέντοι,
639 4145 726 4198 quam
748 4125 779 4180 in
804 4125 947 4197 prioribus
966 4120 1113 4177 Historiae
1132 4121 1259 4175 Graecae
1278 4119 1362 4174 libris

189 4233 315 4288 perraro,
333 4216 540 4288 posterioribus
552 4218 645 4272 multo
659 4216 785 4272 crebrius
800 4215 858 4287 legi
870 4220 946 4271 recte
959 4208 1173 4279 animadvertit,
1192 4209 1247 4262 hoc
1267 4208 1362 4280 capite

190 4306 278 4360 semel
297 4305 383 4361 modo
401 4307 509 4379 legitur
528 4307 597 4377 (VH
615 4309 640 4378 2,
659 4306 704 4376 4.).
733 4305 788 4360 Sed
806 4304 870 4360 fieri
888 4324 947 4360 non
965 4309 1069 4376 potest,
1089 4306 1122 4355 ut
1140 4317 1199 4353 una
1216 4298 1362 4370 particula

92 4410 95 4417 ’
190 4394 228 4449 ad
246 4396 428 4468 singulorum
447 4397 574 4470 capitum
594 4402 720 4452 aetatem
739 4394 970 4450 constituendam
989 4397 1117 4459 utamur,
1144 4408 1208 4444 cam
1226 4405 1312 4459 saepe
1331 4387 1361 4441 in
