2932 4874
610 175 829 238 -ῃ,

136 351 333 418 Athenaeus
368 358 522 437 testatur,
559 376 635 418 cum
663 353 780 418 1421
805 353 985 440 Eupolidis
1013 352 1162 418 fabulam
1198 361 1308 420 actam

137 484 210 525 esse
227 460 326 544 dicat,
341 482 407 545 qua
421 459 513 524 illius
527 460 671 526 victoria
684 459 1043 541 (101110101111Α111011.
1060 462 1093 527 V
1104 485 1136 547 p.
1154 462 1219 526 216
1233 462 1266 542 (1)
1275 457 1308 542 1).

135 568 257 652 Itaque
281 567 310 631 01
334 572 369 631 01
391 566 589 631 Athenaeus
617 566 680 632 hac
705 565 746 631 de
770 590 806 631 re
829 575 921 632 recte
945 568 1112 633 iudicavit
1136 575 1170 632 et
1193 571 1309 634 Xeno·

136 675 230 762 phon
246 698 364 739 verum
381 673 477 758 dixit,
496 697 572 738 cum
589 696 624 737 se
641 675 754 761 ipsum
770 674 822 738 illi
839 675 998 740 convivio
1014 675 1153 740 affuisse
1165 683 1311 742 testetur
1396 755 1401 769 .

138 783 257 863 (Conv.
275 782 292 846 I
312 781 351 865 1),
388 805 465 846 eum
489 782 577 846 circa
593 805 623 847 a.
639 781 706 845 440
729 788 848 846 natum
861 804 933 846 esse
957 783 1040 846 satis
1065 791 1207 866 constat,
1233 807 1310 849 cum

138 891 197 954 vix
221 896 300 954 ante
324 896 480 955 octavum
510 889 678 954 decimum
707 889 827 954 aetatis
856 912 982 953 annum
1012 889 1186 954 Socratem
1214 892 1312 976 sequi

138 1004 262 1083 posset.
310 997 378 1063 Sed
401 997 549 1083 primum
572 996 825 1081 neglegendum
847 1019 918 1061 non
947 1003 1008 1081 est,
1043 997 1311 1084 Xenophontem

136 1127 247 1189 neque
270 1105 362 1170 inter
385 1104 533 1170 Socratis
558 1102 742 1189 discipulos
770 1125 880 1187 neque
909 1104 1000 1167 inter
1029 1110 1157 1171 ceteros
1183 1106 1310 1171 Calliae

137 1212 298 1277 convivas
327 1212 381 1276 sui
404 1211 612 1275 mentionem
648 1210 769 1274 fecisse
797 1212 852 1275 vel
881 1211 981 1276 initio
1014 1213 1154 1277 alterius
1190 1214 1310 1300 capitis

139 1319 283 1384 dixisse:
309 1311 435 1403 ἔρχεται
459 1306 597 1390 αὐτοῖς
621 1311 680 1376 ἐπὶ
704 1317 823 1396 κῶμον,
849 1319 946 1402 quasi
961 1342 1030 1383 non
1046 1319 1119 1406 ipse
1136 1319 1310 1385 adfuisset.

137 1426 272 1491 Deinde
295 1433 487 1512 temporum
510 1425 677 1489 rationem
705 1447 774 1489 non
802 1448 938 1510 prorsus
967 1429 1127 1511 servavit,
1165 1451 1241 1493 cum
1278 1436 1312 1493 01
1360 1442 1367 1455 ’

138 1534 346 1618 Niceratum,
381 1532 501 1598 Niciae
532 1532 651 1616 filium,
687 1555 759 1596 rem
788 1531 990 1597 familia-rem
1014 1533 1312 1600 administrantem

137 1640 242 1705 saciat
268 1641 375 1705 Conv.
400 1641 459 1724 IV,
483 1641 536 1723 51,
573 1639 662 1724 quod
685 1640 743 1703 ille
767 1646 949 1724 antequam
985 1647 1082 1724 pater
1117 1665 1145 1706 1.
1179 1644 1245 1707 413
1273 1643 1311 1707 in

139 1748 257 1812 Sicilia
282 1748 449 1833 periisset,
484 1768 554 1810 non
588 1748 710 1832 potuit,
747 1755 780 1810 et
804 1747 979 1812 Socratem
1006 1740 1196 1832 πρεσβύτην
1219 1749 1311 1813 dicat

140 1851 260 1931 (Conv.
285 1855 329 1938 Π,
357 1851 422 1938 18),
448 1854 507 1938 qui
531 1877 559 1918 a.
583 1853 649 1918 422
675 1854 901 1939 quadraginta
925 1862 1056 1940 septem
1080 1878 1186 1920 armos
1210 1863 1310 1920 natus

141 1957 271 2045 esset2).
316 1963 391 2032 ,Sed
422 1967 461 2029 ut
493 1960 576 2026 haec
610 1956 857 2044 excusentur3)‚
891 1962 1049 2047 equidem
1082 1963 1311 2028 necessarium

138 2091 207 2134 non
236 2069 331 2135 duco.
381 2069 527 2134 Omnino
557 2069 648 2133 enim
676 2091 747 2132 non
776 2069 904 2133 Calliae
928 2071 1124 2134 convivium
1152 2094 1171 2134 a
1194 2071 1310 2135 Xeno·

137 2176 265 2261 phonte
288 2183 472 2261 narratum,
497 2177 557 2240 sed
580 2184 619 2241 ut
635 2176 810 2241 Socratem
832 2177 870 2240 in
893 2177 965 2240 ioco
991 2183 1092 2261 atque
1115 2177 1198 2243 vino
1222 2179 1311 2264 01111-Ι

137 2308 230 2348 mum
247 2283 397 2350 sodalem
418 2283 675 2367 demonstraret,
700 2283 898 2347 convivium
913 2284 1033 2348 fictum
1052 2307 1125 2349 esse
1143 2285 1309 2370 existimo,

139 2393 194 2456 cui
225 2393 320 2456 illam
356 2392 567 2457 occasionem
602 2390 828 2478 supposuerit.
882 2392 926 2456 Se
961 2392 1073 2478 ipsum
1107 2399 1221 2457 autem
1256 2392 1310 2477 iis,

247 2655 273 2726 1)
309 2657 353 2710 De
376 2655 511 2711 Convivii
534 2656 738 2726 Xenophontei
762 2662 892 2728 tempore
911 2657 1097 2712 consentiunt
1116 2658 1159 2711 ed.
1178 2658 1311 2729 Krueger

73 2718 76 2733 ⁴
141 2745 227 2812 (Phr.
256 2745 431 2800 1110111.
463 2746 495 2800 11
525 2744 782 2817 1111111111),
820 2747 850 2801 c.
883 2747 1095 2801 11111111
1128 2747 1174 2817 (Ν.
1207 2748 1310 2802 Jahrb.

137 2835 228 2907 suppl.
242 2835 302 2889 XII
315 2835 389 2904 342),
408 2835 526 2888 Boeckh
544 2834 693 2905 (Simultas
703 2854 729 2906 p.
751 2836 805 2904 15),
826 2836 917 2890 Cobet
930 2835 1113 2908 (Prosopogr.
1127 2837 1201 2890 Xen.
1215 2855 1241 2907 p.
1255 2839 1310 2905 29),

136 2925 206 2995 Hug
216 2924 331 2995 (Philol.
342 2925 416 2978 VIII
426 2923 497 2994 642).
517 2924 731 2995 Dissenserunt‚
746 2930 887 2995 quantum
900 2925 993 2995 video,
1008 2925 1064 2980 duo
1077 2927 1167 2981 modo
1178 2927 1311 2982 homines

136 3013 221 3082 docti,
249 3014 377 3068 Lennius
397 3012 581 3085 (Symposion
605 3015 678 3069 Xen.
704 3033 760 3085 quo
779 3021 867 3086 temp.
887 3015 926 3069 sit
944 3015 1089 3086 habitum;
1110 3016 1201 3069 Scrau
1221 3015 1310 3086 1847),

136 3104 185 3175 qui
201 3122 226 3157 a.
244 3105 297 3158 412
313 3108 342 3158 01
360 3105 485 3158 Vaterus
503 3105 548 3172 (N.
567 3105 668 3159 Jahrb.
689 3105 781 3176 suppl.
800 3105 860 3158 XII
879 3124 905 3176 p.
927 3105 981 3173 85),
1002 3104 1050 3175 qui
1065 3124 1090 3158 a.
1108 3106 1160 3159 406
1178 3104 1310 3160 habitum

135 3211 199 3248 esse
213 3198 306 3265 putat.
326 3192 456 3260 Quorum
473 3193 520 3247 hic
535 3194 608 3248 nihil
622 3193 761 3247 momenti
771 3213 823 3265 pro
837 3213 889 3248 sua
902 3196 1045 3249 sententia
1057 3194 1164 3264 attulit,
1183 3195 1311 3249 Lennius

141 3301 248 3355 magna
261 3283 476 3352 Panathenaea,
487 3282 590 3354 quibus
603 3283 686 3337 ludos
699 3283 765 3336 illos
778 3282 929 3338 institutos
947 3301 1008 3338 esse
1020 3284 1154 3354 Xenoph.
1168 3283 1257 3339 Conv.
1270 3285 1312 3338 Ι2

139 3372 219 3441 (11011,
238 3371 325 3426 tertio
344 3372 569 3443 uniuscuiusque
585 3371 765 3443 Olympiadis
789 3392 874 3443 anno,
893 3373 990 3444 itaque
1009 3392 1068 3427 non
1081 3374 1171 3427 1412
1190 3374 1239 3427 sed
1257 3374 1311 3427 414

137 3463 239 3515 01410
261 3460 405 3515 celebrata
428 3480 490 3516 esse
509 3461 645 3533 neglexit.
688 3462 732 3515 De
755 3462 970 3517 Panathenaeis
989 3463 1053 3533 lege
1072 3479 1144 3532 quae
1162 3462 1311 3533 M.Heyer

137 3549 295 3621 disputavit
313 3568 357 3620 ap.
377 3551 477 3605 Erech.
498 3556 527 3605 et
545 3551 666 3606 Gruber.
704 3569 725 3605 0.
746 3552 800 3606 III.
820 3556 841 3605 1,
863 3553 904 3608 10,
924 3571 952 3623 p.
971 3553 1033 3606 219.

243 3640 272 3707 2)
309 3639 432 3695 Juvabit
458 3659 523 3695 cum
553 3642 583 3696 O.
608 3641 641 3694 F.
665 3642 836 3695 Hermanno
865 3641 916 3712 qui
943 3641 1089 3694 hominem
1117 3641 1311 3712 quadraginta

136 3733 246 3798 septem
269 3746 411 3783 annorum
434 3723 587 3800 πρεσβύτην
610 3730 749 3801 appellari
775 3749 859 3802 posse
883 3730 937 3785 sibi
954 3729 1107 3802 persuasit,
1126 3731 1309 3800 Kruegerum

137 3836 321 3891 comparare,
357 3818 406 3888 qui
436 3819 661 3890 Xenophontem
693 3820 887 3892 quadraginta
918 3826 1054 3891 quattuor
1085 3837 1177 3873 annos
1207 3824 1310 3873 natum
1336 3829 1339 3833 '

134 3914 280 3960 νεανίσκον
303 3907 413 3962 dictum
438 3914 522 3979 putat
542 3908 628 3978 (Phil.
648 3908 715 3962 hist.
736 3909 816 3964 Stud.
837 3909 867 3963 H
886 3910 946 3963 267.
967 3911 1033 3978 277,
1054 3909 1106 3963 cfr.
1126 3908 1309 3965 8111111101.

135 3997 210 4051 Xen.
230 4015 252 4052 s.
272 4016 299 4052 v.
319 3996 482 4066 νεανίσκος.)

245 4085 273 4155 3)
311 4085 474 4141 Charmidis
502 4085 591 4141 verba
619 4104 692 4156 quae
722 4087 811 4142 Ocnv.
840 4089 883 4143 IV
911 4089 944 4141 31
974 4087 1124 4158 leguntur:
1156 4080 1311 4158 ὑπερορίων

136 4179 272 4247 στέρομαι
290 4180 338 4227 καὶ
357 4168 389 4227 τὰ
408 4177 509 4246 ἔγγαια
529 4169 561 4228 οὗ
580 4175 743 4246 καρποῦμαι
768 4177 855 4232 nimis
878 4194 1006 4247 premere
1025 4178 1105 4246 nolo,
1134 4194 1309 4247 quamquam

135 4263 287 4318 Nitschius
305 4264 336 4318 in
354 4265 389 4319 iis
407 4271 572 4337 temporum
590 4265 733 4320 rationem
751 4267 914 4337 neglectam
941 4283 1003 4320 esse
1031 4265 1170 4320 concedit.
1211 4267 1311 4337 Neque

136 4352 214 4407 enim
238 4360 290 4423 est,
314 4372 365 4408 cur
388 4361 523 4409 externos
546 4354 611 4408 illos
634 4354 741 4408 fundos
764 4353 795 4408 in
822 4354 945 4409 Thracia
964 4354 1034 4410 sitos
1053 4355 1142 4409 fuisse
1161 4373 1309 4426 negemus²
