2932 4874
620 185 820 274 ἑὸ*

137 411 253 476 pugna
274 390 430 461 Deliensi
453 395 625 464 servatum
649 397 722 453 esse·
744 385 880 453 rettulit
902 384 952 472 (Π
975 387 1030 467 22)
1053 386 1117 453 1100
1140 387 1178 452 in
1192 389 1310 454 Xeno-

138 497 277 582 phontis
294 496 367 562 vita
383 519 427 561 ne
443 496 756 565 commemoraverit
772 495 924 581 quidem,
948 517 1059 580 neque
1076 495 1217 560 simulac
1233 518 1310 560 oon-

136 605 241 669 traria
280 611 382 690 atque
416 604 507 669 inter
541 627 576 668 se
607 603 834 690 repugnantia
861 603 899 667 in
932 600 1083 667 fontibus
1117 603 1187 667 suis
1214 603 1309 688 legit,

138 710 221 797 quid
243 734 362 776 verum
387 711 470 796 quid
492 710 616 776 falsum
644 732 717 776 esse
745 710 888 793 iudicet,
922 708 1093 796 aperuerit
1124 706 1198 792 (cfr.
1224 732 1310 796 quae

139 819 181 882 de
204 808 446 905 Xenophontis
470 823 580 882 aetate
604 820 623 897 ξ
647 817 690 880 55
715 824 748 882 et
772 819 791 895 ξ
815 818 858 881 59
882 812 1011 900 refert).

247 927 301 991 Ex
328 926 485 1010 Diogene
515 947 596 990 vero
630 923 759 1009 brevis,
796 947 896 1009 quam
930 923 1126 1009 Hesychius
1162 923 1308 1009 exhibet,

138 1034 379 1119 Xenophontis
407 1033 480 1098 vita
507 1027 653 1116 fluxit1),
682 1031 742 1116 qui
768 1031 859 1096 nihil
885 1030 974 1116 quod
1002 1053 1071 1096 non
1095 1031 1133 1096 in
1154 1032 1310 1116 Diogene

138 1140 286 1226 legatur,
315 1146 431 1205 narrat
458 1146 493 1204 et
521 1162 597 1204 cum
620 1140 679 1204 1110
701 1137 968 1225 Xenophontem
991 1128 1142 1224 primum
1162 1139 1310 1226 philoso-

135 1248 279 1333 phorum
301 1247 502 1312 historicum
524 1247 650 1312 librum
674 1246 903 1332 composuisse
927 1245 1032 1330 dicat,
1065 1246 1151 1311 falso
1174 1247 1239 1312 hoc
1261 1247 1311 1311 ita

137 1354 382 1441 interpretatus
406 1362 468 1440 est,
492 1360 532 1419 ut
554 1354 652 1418 illum
674 1354 819 1440 primam
835 1353 1013 1418 historiam
1029 1353 1311 1441 philosophorum

136 1461 311 1548 scripsisse
345 1462 458 1528 tradat
481 1459 596 1546 (Diog.
620 1461 656 1526 H
682 1462 740 1544 48,
774 1452 922 1543 ἱστορίαν
950 1451 1144 1544 φιλοσόφων
1173 1461 1308 1543 πρῶτος
1431 1533 1434 1538 ‚

136 1559 286 1652 ἔγραψεν.
305 1605 346 1614 -
372 1567 508 1634 Suidas:
532 1567 665 1652 πρῶτος
688 1561 780 1648 βίους
804 1558 998 1651 φιλοσόφων
1021 1559 1219 1650 1101111001)

242 1676 362 1762 Itaque
386 1699 462 1740 cum
484 1698 607 1760 eorum,
634 1698 719 1761 quae
735 1698 755 1739 a
770 1675 994 1762 scriptoribus
1011 1674 1052 1739 de
1068 1674 1310 1761 Xenophontis

135 1783 208 1848 vita
230 1783 431 1868 referantur,
455 1788 611 1848 naturam
634 1783 908 1868 cognoverimus,
938 1783 1006 1847 iam
1029 1783 1052 1848 ii
1086 1781 1310 1847 enumerandi

136 1895 229 1975 sunt,
264 1891 324 1976 qui
350 1897 466 1956 nostra
489 1896 600 1955 aetate
626 1889 667 1954 de
692 1913 804 1975 0010,
840 1913 941 1976 quam
975 1889 1074 1955 nobis
1097 1889 1310 1954 tractandam

135 1999 380 2083 proposuimus,
405 2004 557 2082 egerunt.
601 1997 654 2062 Ac
677 1998 767 2063 vitas
792 1997 929 2084 quidem
953 1996 1195 2083 Xenophontis
1220 2019 1309 2062 com-

135 2111 322 2191 posuerunt
345 2105 524 2171 Fabricius
549 2104 724 2188 (Biblioth.
751 2106 809 2170 Gr.
826 2105 880 2168 III
902 2127 935 2190 p.
954 2105 997 2189 1),
1023 2104 1212 2170 Schoellius
1237 2105 1309 2185 (Gr.
1409 2090 1411 2094 Α

132 2209 370 2296 Lien-deson,
395 2213 458 2277 int.
477 2213 591 2278 Germ.
613 2213 631 2276 Ι
654 2209 742 2296 337),
767 2211 975 2277 Letronnius
1000 2209 1132 2298 (Bicgr.
1156 2213 1307 2278 univers.

133 2324 157 2383 1.
181 2319 231 2382 LI
246 2341 278 2405 p.
296 2315 385 2404 369),
407 2319 574 2384 Βο01111110
591 2317 731 2405 (Paulys
748 2320 964 2405 Realencycl.
987 2325 1011 2385 t.
1032 2320 1119 2385 Vra
1140 2343 1173 2407 p.
1195 2317 1307 2405 2791),

131 2426 349 2491 Ruestowius
375 2426 539 2508 (Militair.
564 2427 681 2512 Biogr.
705 2428 723 2492 I
745 2451 778 2513 p.
803 2427 868 2512 95),
897 2427 1069 2512 Bergkius
1094 2427 1215 2507 (Ersch
1236 2427 1309 2491 und
1357 2474 1361 2480 -

137 2532 287 2598 Grubers
310 2534 498 2620 Encyclop.
523 2557 549 2598 0.
563 2534 592 2597 ·Ι
614 2539 638 2597 1.
662 2535 706 2598 81
735 2557 766 2619 p.
792 2530 886 2618 390),
912 2534 1052 2599 Grotius
1081 2534 1217 2617 (Platon
1240 2534 1309 2599 and

135 2639 194 2704 the
223 2640 320 2705 other
348 2641 564 2727 companions
599 2639 639 2705 of
668 2641 838 2725 Socrates,
874 2641 929 2706 IH
959 2664 992 2728 p.
1022 2640 1115 2725 562),
1156 2642 1307 2706 Zollorus

135 2746 342 2834 (Philosoph.
368 2746 399 2812 11.
426 2747 562 2813 Griech.
588 2748 625 2812 H
649 2742 687 2812 13
711 2770 744 2834 p.
772 2746 850 2832 198)
879 2772 943 2814 nec
971 2771 1040 2814 non
1064 2749 1211 2813 editores
1234 2750 1307 2814 Xe-

132 2847 317 2940 nophontis
341 2855 544 2941 scriptorum
567 2854 772 2920 Kuehnerus
808 2855 873 2935 (ed.
898 2851 1069 2939 Auchus),
1105 2855 1327 2924 Dindorfius.

135 2961 199 3042 (ed.
240 2960 402 3041 Anabas.)
446 2961 616 3049 Sauppius
660 2960 726 3046 (ed.
773 2962 1005 3048 Cyropaediae
1055 2961 1173 3049 praef.)
1225 2964 1307 3041 Qui-

131 3070 195 3135 bus
236 3069 388 3155 Krt'igori
425 3071 478 3134 Do
519 3069 762 3156 Xenophontis
804 3070 877 3135 vita
915 3069 1131 3155 quaestiones
1171 3070 1308 3136 criticae

132 3175 223 3261 (Hal.
248 3172 349 3258 1822)
372 3176 540 3262 repetitae
562 3176 641 3241 libri
664 3177 895 3243 Philol-hist.
922 3175 1018 3242 Stud.
1049 3177 1209 3263 inscripti
1231 3183 1256 3243 t.
1272 3179 1309 3243 H

131 3307 164 3371 p.
189 3278 270 3366 262)
294 3280 471 3348 addendae
487 3290 588 3368 sunt,
621 3308 706 3370 quae
736 3284 891 3371 quamvis
914 3306 996 3350 vera
1024 3284 1228 3369 paucissima
1251 3308 1307 3351 ex-

132 3389 283 3474 hibeant,
308 3396 424 3455 tamen
445 3392 684 3478 longissimum
704 3415 765 3480 per
780 3399 915 3478 tempus
931 3397 1069 3477 propter
1085 3392 1307 3478 sophisticam

133 3496 333 3583 disputandi
355 3498 523 3563 rationem
546 3498 808 3564 fundamentum
832 3498 928 3585 quasi
952 3498 1104 3563 omnium
1128 3499 1170 3564 110
1191 3505 1309 3564 1100110

133 3626 169 3667 10
199 3604 436 3689 quaestionum
463 3604 600 3671 habitae
636 3613 670 3671 01
704 3606 860 3671 laudatae
895 3612 984 3671 sunt.
1032 3606 1162 3671 Rankii
1191 3613 1307 3671 autem

132 3708 282 3796 libellus,
316 3712 375 3797 qui
405 3710 564 3797 „devita
592 3720 627 3778 et
656 3713 792 3800 scriptis
820 3708 1083 3801 Xenophontis“
1108 3712 1309 3778 inscribitur

239 3930 266 4002 1)
302 3933 429 4003 Hesych.
449 3932 541 3988 Miles
561 3933 604 3990 ed.
624 3934 716 3988 Flach
740 3952 766 4005 p.
785 3935 826 4005 L;
855 3934 974 4006 negavit
992 3933 1235 3989 Wilamowitzius
1254 3934 1308 4004 Ep.

131 4022 168 4076 ad
185 4021 292 4076 Maass.
311 4040 338 4092 p.
359 4022 419 4075 148.
439 4023 618 4094 argumentis
637 4024 787 4078 nonsatis
806 4023 1009 4096 probabilibus.

238 4110 267 4181 2)
305 4111 378 4166 Cum
397 4111 452 4166 hac
470 4111 615 4166 sententia
634 4131 693 4167 non
711 4118 832 4184 pugnat,
862 4114 938 4184 quod
961 4112 1107 4184 Diogenes
1130 4112 1307 4183 Xenophon-

131 4206 191 4255 tem
204 4193 323 4267 Ἀττικὴν
340 4200 452 4272 μοῦσαν
470 4201 647 4272 appellatum
661 4219 722 4257 esse
735 4202 831 4272 refert,
853 4201 955 4256 Suidas
970 4193 1088 4268 Ἀττικὴν
1106 4204 1248 4272 pilanum
1267 4201 1307 4256 010

131 4290 210 4345 enim
232 4296 352 4362 propter
369 4283 520 4360 γλυκύτητα
544 4289 576 4344 in
599 4290 648 4345 illo
675 4309 788 4363 quoque
810 4291 965 4365 legendum
984 4309 1046 4346 esse
1064 4291 1186 4347 videtur.
1224 4291 1308 4361 Quod

132 4379 191 4437 10111
217 4379 372 4452 Menagius
391 4380 446 4435 sibi
463 4380 614 4451 persuasit.
