2932 4874
619 197 838 262 ..34-

144 375 331 445 aro-354.
378 376 546 446 Corinthi
570 380 826 445 commoratur.

250 486 324 550 369.
371 486 567 550 Revocatur
590 486 632 550 ab
655 483 937 553 Atheniensibus·

250 593 325 658 362.
351 594 491 678 Gryllus
514 592 605 657 filius
628 592 780 657 moritur.

143 697 220 767 354.
266 700 469 782 Xenophon
494 697 660 767 Corinthi
685 700 853 766 moritur.

623 910 836 924 ΜΛΛΜΝἋ

689 1070 767 1186 ΙΙ.

234 1285 256 1374 9
281 1287 313 1356 8.
361 1288 403 1356 sse
428 1287 577 1357 neustrii
602 1288 755 1374 catalano
780 1288 996 1375 Xenophontis
1020 1288 1226 1376 scriptorum.

248 1415 322 1479 Iam
356 1421 490 1480 transeo
524 1415 568 1480 ad
595 1417 735 1480 alteram
769 1414 1011 1501 disputationis
1045 1437 1139 1480 meae
1173 1422 1320 1502 partem,

143 1523 281 1608 quaein
299 1522 518 1607 temporibus,
542 1522 663 1607 quibus
681 1523 834 1608 singulos
849 1522 954 1586 libros
970 1522 1166 1609 Xenophon
1183 1545 1322 1610 compo-

143 1630 259 1714 suerit,
285 1636 449 1715 quantum
473 1651 651 1715 possumus
677 1629 993 1694 circumscribendis
1016 1629 1217 1696 versabitur.
1268 1630 1321 1696 Ac

141 1737 289 1824 primum
325 1736 464 1821 quidem
500 1759 585 1821 quae
615 1760 634 1801 a
662 1737 892 1823 Xenophonte
921 1736 1048 1822 scripta
1080 1737 1207 1801 tradita
1236 1737 1318 1823 sint,

141 1843 292 1909 breviter
319 1844 584 1930 percurrendum
613 1851 674 1909 est.
723 1844 796 1921 Qua
826 1844 867 1908 de
896 1868 932 1909 re
961 1845 1134 1929 Diogenes
1158 1843 1318 1909 Laertius

141 1950 354 2016 Demetrium
382 1952 580 2037 Magnetem
609 1958 743 2016 secutus
755 1946 778 2031 ¹)
805 1951 888 2016 haee
916 1951 1015 2016 decet
1041 1951 1090 2031 (H
1113 1949 1182 2029 56):
1220 1946 1318 2012 Συνέ-

142 2066 250 2141 γραψε
275 2053 310 2117 δὲ
333 2051 449 2138 βιβλία
471 2049 557 2141 πρὸς
575 2050 614 2117 να
631 2050 879 2141 τειναροίκονῑα,
905 2046 1013 2118 ι’ίλλιον
1029 2046 1136 2132 ίίλλιος
1152 2050 1318 2141 διαιρούν-

140 2180 219 2225 τιον·
245 2156 304 2250 τήν
326 2165 355 2225 c'
370 2154 557 2245 Ἀνάβασιν,
582 2147 621 2250 ἧς
636 2157 721 2226 κατα
745 2158 876 2246 βιβλίον
890 2159 949 2243 μὲν
965 2158 1105 2250 ἐποίησε
1125 2157 1316 2248 προοίμιον,

143 2261 220 2357 ὅλης
236 2261 315 2333 d'od·
340 2266 396 2332 καὶ
413 2264 522 2356 Κύρου
539 2265 697 2333 παιδείαν
712 2267 769 2333 καὶ
788 2262 960 2358 Ἑλληνικὰ
977 2266 1032 2332 καὶ
1048 2261 1316 2357 Ἀπομνημονεύ-

143 2399 243 2458 ματα
269 2370 463 2458 Συμπόσιόν
490 2400 525 2440 ce
552 2374 609 2440 καὶ
643 2372 860 2459 Οἰκονομικὸν
882 2374 939 2441 καὶ
967 2373 1045 2463 περὶ
1078 2372 1225 2464 ἱππικῆς
1259 2375 1316 2442 καὶ

143 2479 360 2571 Κονηγεοικὸν
382 2480 439 2547 καὶ
460 2477 692 2569 Ἱππαρχικόν,
731 2476 934 2568 Ἀπολογίαν
958 2508 992 2548 ἰε
1028 2478 1220 2570 Σιοκροίοοος
1259 2482 1316 2548 καὶ

143 2587 221 2676 περὶ
256 2585 370 2676 πόριον
405 2586 461 2653 καὶ
495 2583 621 2675 (Ιίροινα
657 2583 678 2679 ἢ
716 2585 925 2676 Τυραννικόν,
960 2583 1156 2678 Ἀγησίλαόν
1190 2614 1226 2655 τε
1260 2589 1316 2655 καὶ

140 2688 332 2785 Ἀθηναίων
354 2694 411 2761 καὶ
435 2692 711 2778 Λακεδαιμονίων
738 2694 926 2777 Πολιιείαν,
963 2690 1002 2786 ἣν
1025 2719 1126 2786 φησιν
1149 2689 1208 2762 οὐκ
1231 2689 1316 2762 εἶναι

144 2803 355 2892 Ξενοφιῦνιος
379 2807 398 2868 ὅ
422 2799 562 2891 Μάγνης
585 2798 784 2892 Δημήτριος.

249 2914 369 2999 Itaque
394 2915 424 2978 si
447 2914 530 2979 duas
553 2915 778 3001 Respublicas
801 2938 908 2981 unum
931 2939 1014 3002 opus
1039 2915 1076 2980 in
1100 2914 1183 2980 duos
1206 2916 1313 2982 libros

144 3021 292 3087 divisum
316 3020 469 3106 facimus,
496 3059 537 3066 —
562 3044 647 3107 quae
669 3023 839 3088 Demetrii
859 3023 1029 3088 sententia
1045 3021 1151 3087 fuisse
1166 3021 1317 3110 videtur,

144 3152 221 3194 curn
247 3151 317 3193 non
345 3121 533 3205 Πολιτείας,
563 3128 624 3194 sed
652 3123 832 3190 Πολιτείαν
860 3153 916 3194 eas
945 3129 1045 3212 dicat,
1075 3167 1117 3174 —-
1142 3136 1318 3215 quattuor-

144 3235 254 3300 decim
270 3236 495 3322 Xenophonti
519 3237 645 3322 seripta
668 3237 897 3323 vindicantur,
922 3260 1006 3322 quae
1022 3237 1168 3322 triginta
1185 3243 1320 3323 septem

143 3344 248 3409 libros
286 3343 474 3407 continent.
521 3344 664 3409 Veteres
698 3367 778 3409 vero
813 3344 966 3409 homines
1001 3344 1093 3409 docti
1127 3344 1319 3412 Historiam

144 3451 309 3516 Graecam
336 3472 404 3514 non
433 3449 532 3514 modo
561 3450 694 3535 qualem
722 3473 784 3515 nos
807 3452 920 3537 legere
944 3451 1090 3516 solemus
1123 3451 1161 3515 in
1184 3458 1319 3538 septem

145 3557 249 3622 libros
286 3556 503 3621 distributam
537 3558 663 3645 legisse
697 3558 873 3643 videntur,
910 3558 969 3623 sed
1004 3559 1146 3623 alteram
1181 3580 1318 3645 quoque

145 3663 331 3729 editionem
354 3663 521 3749 habuisse,
548 3688 613 3750 qua
639 3665 676 3730 in
698 3688 823 3730 novem
852 3666 956 3731 libros
984 3666 1095 3731 divisa
1118 3673 1208 3730 esset
1239 3662 1318 3750 (cfr.

145 3770 314 3855 Schaefer,
339 3770 458 3837 Jahrb.
476 3771 498 3837 f.
517 3773 641 3839 Philol.
665 3780 688 3838 t.
728 3773 783 3857 01,
808 3774 882 3838 527.
920 3774 957 3838 O.
981 3771 1218 3857 Wechsmuth‚
1247 3773 1317 3840 Rh.

143 3880 231 3945 Mus.
256 3879 308 3964 34,
333 3880 407 3943 334.
444 3881 643 3966 Harpocrat.
668 3903 693 3945 s.
718 3903 750 3945 v.
777 3874 963 3964 Πενέσται.)
998 3881 1157 3945 Fortasse
1181 3880 1249 3945 iam
1274 3882 1318 3947 ab

144 3985 317 4052 veteribus
363 3986 605 4072 Xenophontis
630 3987 756 4073 scripta
780 3987 910 4053 duobus
934 3988 1139 4074 corporibus,
1175 4009 1320 4073 quorum

144 4093 291 4158 alterum
316 4092 463 4158 sedecim
479 4094 734 4159 Hellenicorum
750 4095 1013 4181 Anabaseosque
1036 4094 1151 4180 libros,
1172 4095 1319 4163 alterum

252 4358 279 4415 u
316 4356 469 4413 Nietzsche
488 4356 593 4415 Rhein.
613 4357 686 4413 Mus.
707 4359 808 4414 XXIV
829 4361 888 4417 181.

269 4419 273 4429 ι
