2932 4874
686 159 903 224 ..72-

208 343 457 423 persuaserimt,
482 337 524 404 de
547 343 658 403 aetate
682 337 848 404 dissensio
872 339 926 407 sit.
963 335 1255 417 811111111101.
1273 358 1305 423 p.
1325 334 1384 420 39)

210 444 302 508 enim
325 444 561 511 Memorabilia
584 444 673 510 circa
696 468 724 510 a.
750 446 816 510 394
839 445 1024 531 composita
1047 466 1120 510 esse
1144 443 1291 528 censuit,
1318 443 1384 509 Oo-

210 551 309 617 betus
326 551 444 617 eodem
461 551 532 617 fere
547 558 708 639 tempore,
732 575 797 638 quo
814 553 981 618 accusatio
997 551 1187 637 Polycratis
1204 556 1239 616 et
1254 550 1384 636 Lysiae

208 659 364 745 apologia
376 660 522 746 scriptae
540 667 670 744 essent,
695 660 935 747 Xenophontis
960 681 1092 745 quoque
1111 658 1383 724 Commentarios

208 773 297 833 ortos
335 788 408 832 esse
442 766 578 854 putavit
612 767 710 847 (Nov.
741 767 835 832 Lect.
865 790 897 855 p.
923 767 1016 853 678),
1052 765 1277 832 Schenkelius
1312 787 1384 831 non
1411 849 1414 854 ,

207 874 355 940 multum
378 880 456 960 post
480 897 509 939 a.
527 874 594 939 390
617 874 719 955 (Xen.
737 873 832 940 Stud.
855 875 892 939 H
906 897 939 962 p.
958 870 1045 959 153),
1068 871 1268 939 Dindorfius
1291 872 1385 938 circa

210 981 262 1047 Ol.
287 981 329 1046 99
354 978 409 1065 (=
435 981 665 1047 384-3801.
691 981 728 1047 Ο.
753 977 812 1064 n).
844 982 994 1060 Quorum
1017 980 1218 1047 Brandisius
1243 979 1384 1066 quidem

113 1077 116 1084 ’
209 1110 251 1152 ox
272 1087 347 1174 ipsa
370 1109 432 1154 sua
455 1088 626 1154 sententia
649 1087 749 1154 facile
771 1088 953 1175 refutatur,
983 1111 1060 1154 cum
1082 1109 1195 1154 muros
1217 1089 1340 1174 longos
1364 1111 1384 1153 a

208 1194 347 1260 Conone
375 1217 404 1260 a.
433 1195 498 1260 393
526 1195 703 1262 restitutos
732 1219 752 1261 a
777 1196 957 1282 Polycrate
995 1203 1271 1265 commemoratos
1307 1217 1383 1260 1111

207 1302 401 1368 Favorinus
429 1298 616 1385 testetur1).
662 1304 781 1389 Neque
816 1326 901 1388 quae
932 1302 1157 1370 Schenkelius
1192 1302 1382 1388 contendit,

206 1408 434 1496 probabiliora
457 1417 553 1495 sunt,
588 1410 648 1496 qui
671 1433 748 1476 cum
771 1409 960 1476 Pfundium
987 1410 1041 1491 (de
1064 1410 1226 1476 isocratis
1249 1410 1325 1476 vita
1349 1417 1385 1476 et

132 1512 135 1518 ’
207 1515 344 1603 scriptis
378 1539 411 1603 p.
451 1517 504 1598 18)
540 1523 674 1583 secutus
709 1518 900 1604 Polycratis
935 1517 1216 1584 declamationem
1250 1540 1278 1583 a.
1316 1518 1384 1583 399

208 1624 429 1711 compositam
442 1647 514 1689 esse
524 1624 857 1711 Xenophontemque
873 1648 902 1690 1.
917 1624 983 1690 390
998 1624 1143 1691 fundum
1159 1625 1385 1693 Scilluntium

208 1732 378 1819 accepisse
410 1738 564 1816 censeat,
600 1732 834 1798 Memorabilia
861 1732 974 1819 paullo
1001 1738 1080 1819 post
1107 1755 1135 1798 a.
1161 1734 1226 1797 390
1255 1733 1386 1818 scripta

206 1838 421 1925 primumque
448 1839 690 1926 Xenophontis
725 1861 808 1926 opus
843 1834 950 1920 11112)
986 1839 1079 1905 dicit.
1125 1840 1250 1925 'Neque
1287 1839 1386 1905 enim

206 1946 422 2032 Polycratem
461 1947 528 2012 iam
557 1969 585 2011 a.
611 1946 676 2010 392
709 1947 884 2033 scripsisse
892 1941 931 2031 ³),
970 1968 1082 2032 neque
1115 1945 1387 2033 Xenophontem

206 2060 385 2139 postquam
395 2054 562 2120 Seillunte
576 2052 794 2138 consedisset,
808 2054 924 2118 statim
934 2053 1168 2120 Memorabilia
1180 2076 1386 2140 componere

209 2161 360 2247 coepisse
396 2165 543 2245 constat,
590 2165 624 2225 11
657 2160 906 2246 Cynegeticum
933 2162 1001 2226 iam
1025 2185 1053 2227 a.
1077 2162 1143 2226 409
1172 2167 1284 2226 ortum
1308 2184 1387 2227 esse

208 2267 456 2334 demonstrasse
479 2268 566 2333 mihi
588 2267 716 2334 videor.
760 2268 846 2332 (lum
868 2267 1048 2334 Diudorfio
1072 2291 1152 2334 vero
1177 2291 1388 2354 quamquam

207 2374 249 2441 de
272 2376 452 2461 Polycrate
477 2375 710 2459 dissideamus,
736 2374 778 2440 de
795 2374 1067 2440 Memorabilium
1090 2382 1241 2462 tempore
1265 2382 1388 2442 tamen

210 2482 396 2569 consentia,
421 2505 498 2548 cum
521 2488 556 2546 et
580 2504 642 2568 ego
666 2482 717 2548 Ol.
742 2484 784 2547 99
809 2479 844 2566 (1.
870 2505 898 2547 1.
923 2482 1014 2548 inter
1037 2506 1065 2548 a.
1091 2478 1280 2565 384—80)
1309 2482 1388 2548 fere

209 2589 335 2655 librum
374 2590 598 2675 compositum
638 2611 710 2654 esse
749 2611 915 2655 censeam.
986 2590 1233 2676 Cynegetieum
1276 2590 1386 2676 enim,

208 2694 464 2762 Hellenicorum
487 2721 520 2784 p.
544 2699 572 2781 I,
598 2697 861 2763 Oeconomicum
881 2702 960 2762 ante
976 2697 1210 2763 Memorabilia
1226 2693 1388 2764 confecta

209 2826 282 2870 esse
305 2804 547 2890 particularum
581 2827 646 2870 usu
678 2804 945 2871 demonstratum
981 2805 1137 2871 existimo
1173 2810 1207 2869 11
1240 2804 1386 2870 omnino

317 3066 344 3139 1)
362 3069 433 3124 Fav.
446 3069 525 3141 apud
537 3069 622 3142 Diog.
636 3071 731 3126 Laert.
744 3071 776 3126 Π
787 3071 835 3125 39:
850 3063 1025 3140 Πολυκράτης
1038 3071 1066 3122 ἰν
1078 3069 1116 3138 τῷ
1127 3063 1200 3140 λόγῳ
1212 3063 1387 3141 μνημονεύει

208 3155 262 3208 τῶν
282 3150 336 3210 ὑπὸ
356 3151 485 3217 Κόνωνος
503 3158 600 3228 τειχῶν
620 3153 839 3224 ἀνασταθέντων,
865 3152 883 3211 ἶν’
905 3162 1020 3229 γέγονεν
1039 3160 1127 3212 ἔτεσιν
1146 3159 1174 3220 ἓξ
1190 3146 1236 3224 ἑῆς
1254 3156 1302 3210 τοῦ
1322 3163 1386 3212 Σω-

209 3240 325 3317 κράτους
342 3246 464 3314 τελευτῆς
483 3240 604 3320 ὕστερον,

317 3333 345 3407 9)
381 3337 499 3408 Eadem,
532 3355 604 3409 quae
623 3337 810 3392 Schenkelius
843 3338 878 3392 de
909 3337 1146 3393 Memorabilibus
1178 3337 1386 3410 Xenophontis

210 3426 384 3498 scriptorum
402 3426 610 3498 antiquissimis
629 3426 797 3499 disputavit,
809 3426 1017 3482 Delbrueckius
1031 3427 1085 3482 sibi
1098 3427 1249 3498 persuasit,
1269 3427 1319 3499 qui
1338 3431 1388 3485 vel

209 3515 241 3570 in
258 3515 330 3570 Asia
347 3514 423 3570 inter
441 3534 468 3571 a.
487 3518 539 3572 399
559 3518 658 3572 11396
677 3522 810 3572 nostrum
828 3515 936 3571 librum
960 3520 1057 3571 ortum
1080 3534 1142 3571 esse
1168 3517 1279 3572 censuit
1297 3516 1386 3588 (Xen.

209 3624 236 3678 p.
258 3606 292 3660 59
311 3625 339 3660 n.
362 3604 416 3676 10),
436 3624 560 3677 quocum
579 3605 723 3666 consentit
741 3605 916 3660 Kuehnerus
934 3605 977 3660 ed.
996 3626 1024 3678 p.
1043 3607 1086 3660 36.

317 3696 346 3762 3)
382 3694 512 3750 Blassius
531 3695 604 3764 (Att.
623 3695 739 3752 Bereds
758 3693 871 3764 11996)
890 3695 1028 3750 Isocratis
1051 3695 1178 3751 Busirim
1198 3696 1294 3768 paullo
1318 3704 1388 3768 post

210 3784 375 3857 Polycratis
393 3784 520 3840 Busirim
539 3785 721 3857 Socratisque
744 3782 955 3839 accusationem
975 3784 1084 3840 editum
1112 3803 1171 3840 non
1199 3785 1259 3839 sine
1287 3786 1388 3858 aliqua

210 3873 423 3947 probabilitatis
454 3874 547 3947 specie
575 3875 612 3929 ad
639 3871 815 3944 Panegyrici
843 3877 956 3945 tempus
982 3873 1089 3944 reiecit,
1117 3874 1167 3946 qui
1194 3874 1311 3930 311111
1331 3877 1388 3931 380

212 3963 388 4036 compositus
406 3971 451 4020 est
470 3964 573 4036 (Blass.
593 3965 611 4018 l.
630 3963 647 4018 l.
667 3982 694 4034 p.
705 3961 778 4032 930),
804 3980 871 4017 oum
889 3963 1032 4018 Isocrates
1050 3963 1210 4034 sophistam
1229 3965 1388 4036 probatum

211 4057 430 4126 spectatumque
442 4071 472 4109 se
485 4058 575 4126 gerat.
591 4083 622 4091 -
636 4050 710 4106 Mihi
725 4052 760 4106 de
768 4052 925 4125 Polycrate
938 4052 1011 4108 nihil
1024 4052 1103 4107 aliud
1115 4058 1246 4109 constare
1259 4052 1387 4125 videtur,

212 4160 300 4214 quam
319 4144 395 4216 quod
413 4161 479 4198 eum
497 4141 573 4197 inter
591 4159 616 4196 1.
635 4142 688 4196 393
701 4147 730 4196 11
743 4142 797 4196 380
808 4142 957 4215 scripsisse
976 4146 1098 4215 oportet,
1117 4160 1183 4198 oum
1195 4141 1299 4215 Lysias
1317 4160 1389 4200 eum

212 4233 267 4289 sibi
286 4234 474 4290 refellendum
493 4236 628 4302 sumeret,
648 4231 728 4286 cuius
742 4232 852 4286 nullam
865 4231 1023 4303 genuinam
1035 4231 1195 4286 orationem
1208 4236 1273 4302 post
1292 4249 1316 4287 a.
1332 4233 1389 4289 380

213 4323 402 4395 compositam
421 4320 578 4393 Dionysius
596 4321 663 4375 Hal.
682 4320 754 4393 legit
773 4319 818 4391 (de
836 4322 905 4392 Lys.
924 4321 985 4375 XII
991 4339 997 4391 ;
1016 4320 1101 4376 Blass
1118 4320 1153 4377 A.
1173 4321 1206 4374 Β.
1226 4320 1331 4390 1335).
