2896 4874
613 193 831 261 -6ρ..

132 377 200 443 1111
217 377 286 442 sive
301 383 514 442 accusaretur
529 376 603 441 sive
619 375 871 458 defenderetur,
889 374 926 438 11
941 373 1065 459 vulgus
1082 371 1167 438 editi
1184 377 1307 457 essent,

133 485 332 572 composita,
357 484 685 568 Oeconomicumque
701 487 841 569 propter
854 481 936 566 Gyri
953 479 1094 545 minoris
1110 480 1309 545 memoriam

133 591 265 658 factam
298 592 361 673 (IV
390 588 445 674 18)
468 597 547 678 post
570 591 681 655 1401
701 590 758 654 vel
778 590 843 653 399
868 588 1032 675 scriptum
1056 609 1128 652 esse
1163 592 1309 673 oportet3

133 722 207 784 qua
230 699 365 784 quidem
401 697 502 762 dere
526 697 661 762 etiamsi
695 703 787 761 certa
820 694 1017 762 testimonia
1044 694 1216 778 deessent,
1250 693 1311 759 vix

134 807 318 891 quisquam
342 805 522 870 dubitaret.
555 805 677 889 ltaque
693 802 736 868 ad
752 808 954 889 argumenta
977 823 1157 886 exgenere
1174 799 1311 866 dicendi

135 902 243 979 ducta
275 912 516 978 recurrendum
551 918 630 977 est„
671 910 786 995 Atque
822 909 1145 995 Oeconomicum,
1180 908 1217 973 in
1244 930 1310 993 quo
1392 962 1395 967 .

134 1019 334 1107 Xenophon
356 1021 466 1107 primo
491 1019 551 1084 sed
573 1041 710 1106 perraro
733 1018 901 1105 particula
923 1008 1006 1102 pq'v,
1020 1038 1175 1101 nunqum
1198 1023 1312 1080 autem

136 1123 175 1210 γὲ
187 1119 254 1212 μήν
266 1128 384 1212 utitur,
409 1128 623 1212 aliquantum
640 1125 803 1212 temporis
816 1130 894 1211 post
908 1124 1166 1190 Hellenicorum
1181 1128 1312 1209 partem

126 1235 297 1337 primam,
322 1234 382 1299 sed
405 1242 484 1300 ante
500 1233 735 1299 Memorabilia
752 1232 1026 1317 Conviviumque
1051 1231 1216 1318 scriptum
1240 1252 1313 1295 esse

134 1340 424 1427 Dittenbergerus
449 1341 709 1424 demonstravit;
735 1362 838 1425 quare
861 1337 1142 1425 Xenophontem,
1177 1337 1314 1403 cumin

136 1448 233 1536 agris
251 1449 441 1515 Scilluntiis
458 1449 527 1514 otio
546 1454 580 1513 et
601 1447 782 1513 securitate
806 1446 984 1530 frueretur,
1009 1445 1052 1510 ad
1074 1445 1165 1510 hunc
1188 1445 1314 1510 librum

137 1556 412 1642 componendum
435 1578 635 1642 aggressum
664 1577 736 1620 esse
761 1554 914 1619 conicere
937 1576 1008 1618 non
1031 1552 1195 1618 absonum
1218 1551 1313 1617 vide·

136 1671 207 1728 tur.
242 1663 406 1730 Scillunte
429 1686 510 1728 vero
533 1686 604 1728 non
626 1663 720 1749 prius
745 1684 847 1747 quam
869 1684 952 1747 pace
973 1684 1001 1726 a.
1020 1661 1084 1724 387
1113 1659 1204 1724 facta
1235 1681 1313 1724 con-

122 1764 246 1855 ¹sedit,
282 1793 359 1836 cum
387 1793 493 1856 usque
529 1770 572 1835 ad
595 1793 623 1835 a.
649 1770 714 1833 389
771 1768 971 1854 Agesilaum
1006 1771 1204 1853 sequeretur
1238 1763 1313 1850 (cfr.

136 1901 172 1965 p.
200 1875 267 1960 21).
313 1877 432 1942 Artius
456 1884 569 1942 autern
592 1876 674 1942 libri
697 1883 844 1941 aetatem
868 1875 1100 1940 circumscribi
1123 1897 1193 1940 non
1216 1895 1315 1960 posse

138 1984 317 2069 existimc,
352 2008 432 2050 nam
457 1984 546 2071 quod
568 1985 741 2050 nonnullis
765 1985 860 2049 velut
884 1984 1052 2048 Orcisetio
1076 1983 1218 2070 placuit,
1256 1981 1315 2067 qui

58 2084 61 2095 '
136 2099 331 2180 propterea,
349 2093 438 2177 quod
454 2092 649 2179 Xenophon
666 2092 741 2178 agri
758 2091 892 2156 colendi
907 2091 1055 2177 peritum
1076 2113 1112 2154 11
1127 2089 1314 2175 praeberet,

58 2238 60 2259 =
136 2200 267 2265 librum
290 2200 419 2285 aliquot
435 2201 533 2265 annis
549 2205 730 2286 postquam
746 2199 949 2264 Scilluntem
964 2198 1126 2280 venisset,
1152 2196 1316 2282 scriptum

140 2328 218 2372 esse
240 2313 455 2392 putaverunt,
481 2307 517 2372 id
540 2306 675 2393 probari
699 2329 768 2370 non
791 2312 913 2392 potest,
940 2328 1015 2370 cum
1031 2303 1224 2369 Athenisne
1247 2302 1316 2366 iam

58 2434 60 2441 ·
140 2419 324 2499 antequam
339 2414 382 2478 ad
400 2415 527 2500 Cyrum
542 2414 821 2500 proficisceretur,
837 2414 968 2501 peritus
983 2412 1095 2496 luerit,
1113 2411 1314 2476 nesciamus.

495 2588 518 2678 9
543 2592 586 2660 ie.
634 2592 676 2659 ne
691 2591 965 2691 ,memorabilibus

234 2717 468 2811 Memorabilia
484 2717 609 2783 deinde
622 2717 664 2782 ad
676 2718 867 2803 Polycratis
879 2716 1025 2781 rhetoris
1038 2706 1236 2800 κατηγορίαν
1247 2715 1317 2774 Σω-

140 2817 282 2908 κράτους
293 2824 508 2890 refutandam
521 2826 707 2912 composita
721 2825 947 2890 esseCobetus
959 2824 1088 2910 primus
1102 2820 1168 2886 sibi
1180 2844 1316 2909 persua-

140 2933 192 2998 sit
211 2929 634 3016 (110111101661-681).
670 2933 773 2997 111111
797 2933 889 2997 enim
912 2930 1317 3019 declamationemaarq-

141 3031 259 3121 μορίαν
282 3030 474 3122 Σωκράτους
497 3039 698 3125 inscriptam
726 3039 954 3124 composuisse
977 3043 1123 3102 testatur
1145 3036 1318 3122 Diogenes

140 3146 302 3212 Laertius
325 3147 363 3211 H
385 3147 438 3211 39.
486 3146 580 3224 Quae
603 3153 642 3210 ut
666 3146 732 3211 sibi
755 3144 984 3232 persuaderet,
1016 3143 1165 3210 Cobetus
1190 3143 1320 3208 duobus

140 3253 337 3338 Polycratis
371 3253 575 3338 fragmentis
612 3260 798 3319 commotus
823 3259 884 3336 est,
921 3253 1081 3336 servatis¹
1100 3253 1243 3316 alterum
1279 3247 1320 3314 ab

143 3361 298 3427 Isocrate
321 3361 444 3440 (Busir.
471 3383 497 3425 c.
512 3356 557 3443 ὅ),
582 3360 726 3425 alterum
750 3361 787 3424 in
811 3360 939 3425 scholio
963 3360 1109 3445 quodam
1133 3357 1322 3423 1111111111-

147 3466 204 3533 dis
229 3457 523 3551 011110111111τὲρ
547 3467 613 3527 τῶν
635 3458 798 3551 τετιοῖρων
832 3465 882 3550 (H
907 3467 979 3551 133,
1007 3468 1063 3550 173
1087 3463 1241 3530 Dindorf
1269 3463 1324 3528 ΙΠ

140 3599 179 3662 p.
202 3575 279 3658 480,
304 3575 359 3656 24)
369 3569 404 3658 ¹),
431 3574 553 3660 quibus
590 3574 723 3639 Socrati
757 3575 882 3655 similia
917 3573 1112 3639 obiciuntur
1144 3572 1202 3656 iis,
1239 3593 1324 3657 quae

143 3680 345 3768 Xenophon
378 3682 431 3747 illi
465 3681 552 3746 vitio
587 3704 686 3746 versa
716 3704 789 3746 esse
813 3681 899 3747 dicit
922 3681 1025 3747 Mem.
1047 3682 1066 3746 I
1089 3682 1119 3764 2,
1147 3679 1322 3744 111118.

266 3911 293 3978 1)
329 3910 448 3966 Isocrat.
476 3911 572 3965 Busir.
602 3929 624 3965 c.
652 3911 695 3966 IV
722 3904 886 3982 Σωκράτους
915 3908 945 3961 δὲ
974 3913 1137 3979 κατηγορεῖν
1163 3900 1325 3977 ἐγχειρήσας

144 3991 242 4069 ὥσπερ
261 3994 436 4071 ἐγκωμιάσαι
454 3994 623 4072 βουλόμενος
641 3993 814 4067 Ἀλκιβιάδην
837 3999 943 4056 ἔδωκας
967 3993 1041 4066 αὐτῷ
1062 3989 1198 4069 μαθητήν,
1226 3989 1258 4047 ὃν
1278 3988 1324 4046 ὑπ’

145 4091 256 4143 ἐκείνου
272 4088 326 4160 μὲν
345 4082 438 4147 οὐδεὶς
456 4080 557 4162 ᾔσθετο
570 4082 786 4160 παιδευόμενον,
807 4081 848 4142 ὅτι
868 4089 899 4141 δὲ
918 4081 990 4139 πολὺ
1010 4081 1136 4157 διήνεγκε
1154 4084 1208 4137 τῶν
1228 4075 1323 4147 ἄλλων,

147 4169 268 4235 ἅπαντες
287 4169 320 4229 ἂν
339 4171 550 4250 ὁμολογήσειαν.
576 4210 607 4217 -
628 4179 752 4232 1011011.
772 4180 805 4232 l.:
832 4178 910 4231 τοῦτο
930 4175 955 4228 δ’
976 4171 1026 4230 οὐκ
1046 4170 1135 4247 ἀργῶς
1158 4173 1243 4239 εἶπεν,
1269 4167 1328 4226 ἀλλ’

147 4258 248 4333 ἐπειδὴ
267 4265 326 4321 οἶδε
345 4260 393 4320 τὸν
413 4261 545 4338 Σωκράτη
566 4261 634 4339 πρὸς
657 4260 719 4325 τοὺς
746 4273 824 4326 νέους
850 4262 890 4320 del
911 4260 1044 4318 Ὀδυσσέα
1072 4257 1253 4337 θαυμάζοντα
1280 4255 1328 4315 διὰ

147 4349 198 4424 τὴν
221 4350 347 4424 τοιαὺτρν
370 4357 476 4428 πρᾶξιν,
502 4350 537 4416 ὠς
558 4351 733 4424 Πολυκράτη,-
761 4361 790 4410 ἐν
817 4358 853 4426 τῴ
882 4355 939 4408 κατ’
965 4351 1048 4408 αι’·τοῡ
1072 4350 1145 4425 λόγῳ
1169 4358 1257 4423 (μησὶν
1281 4357 1326 4405 καὶ

1112 4444 1147 4500 ὃ*
