2932 4874
627 165 761 297 -is'
804 190 905 235 -*

150 377 334 457 antequam
358 369 524 437 Scillunte
548 369 766 454 consedisset,
783 368 1050 456 Xenophontem
1066 368 1109 433 ad
1124 369 1322 455 ampliorem

149 477 275 544 librum
298 476 515 543 scribendum
531 499 730 564 aggressum
746 497 819 541 esse
835 476 1021 541 verisimile
1037 498 1107 541 non
1131 483 1190 541 est.
1228 475 1321 541 Ana·
1372 525 1373 528 ι

148 584 259 651 basim
282 607 362 650 vero
387 608 406 649 a
429 584 706 651 Memorabilibus
729 589 840 648 aetate
864 584 1025 669 superari,
1049 564 1323 648 Memorabilium

149 715 276 778 genere
288 691 426 757 dicendi
438 692 608 778 probatur,
629 691 719 777 quod
731 690 773 756 ab
785 690 981 756 Anabaseos
995 690 1164 775 elegantia
1176 686 1322 755 nimium

132 805 315 885 duantum
337 799 476 865 recedit.
525 799 599 876 Qua
626 798 843 886 potissimum
869 798 1002 863 ratione
1027 796 1251 863 Schenkelius
1279 797 1323 863 ad

149 929 226 972 eam
249 908 454 972 sententiam
478 906 644 972 adductus
669 928 741 971 esse
764 905 912 989 videtur,
936 912 974 969 ut
990 904 1224 970 Memorabilia
1245 911 1323 991 post

146 1012 336 1079 Alexandri
359 1013 480 1100 Magni
503 1019 648 1079 aetatem
672 1013 713 1078 ab
737 1013 989 1099 interpolatore,
1014 1012 1073 1096 qui
1095 1010 1322 1078 Atheniensis

147 1144 220 1187 non
243 1128 342 1206 esset,
365 1127 550 1186 retractata
571 1127 715 1208 putaret.

256 1227 305 1294 At
333 1229 558 1295 Schenkelius
587 1228 818 1293 demonstrare
854 1249 987 1312 quoque
1015 1225 1160 1312 studuit,
1194 1228 1322 1294 Memo-

148 1335 286 1421 rabilia,
310 1337 587 1422 Oeconomicum,
613 1335 819 1401 Convivium
842 1357 949 1399 unum
972 1356 1046 1399 esse
1069 1356 1166 1421 opus,
1191 1335 1280 1419 quod
1304 1359 1324 1401 a

149 1443 380 1530 Xenophonte
405 1444 567 1510 continuo
592 1442 816 1529 compositum
843 1448 959 1528 postea
982 1442 1020 1505 in
1043 1448 1111 1506 tres
1135 1448 1248 1528 partes
1273 1442 1323 1507 di·

150 1551 287 1617 vulsum
312 1556 402 1615 esset
425 1549 524 1632 (Xan.
550 1551 647 1616 Stud.
671 1551 707 1614 Π
733 1548 818 1629 144).
864 1550 952 1614 Nam
974 1549 1134 1613 ultimum
1157 1550 1322 1614 Memora-

140 1657 272 1724 ¹bilium
300 1665 401 1744 caput
426 1659 488 1740 (IV
510 1654 545 1740 8)
569 1681 588 1723 a
610 1657 838 1743 Xenophonte
867 1657 1016 1722 alienum
1043 1662 1154 1742 putat,
1189 1665 1323 1722 etcum

145 1766 386 1832 Memorabilia
409 1766 545 1852 epilogo
570 1788 683 1830 carere
705 1787 776 1829 non
795 1771 945 1851 possent,
971 1764 1232 1830 Oeconomicum
1256 1786 1324 1828 una

147 1895 228 1938 cum
262 1873 305 1937 iis
341 1872 471 1937 editum
514 1895 586 1937 esse
627 1871 694 1937 sibi
732 1871 900 1958 persuasit
946 1871 1219 1956 Conviviumque
1253 1872 1322 1936 illis

146 1979 256 2065 addit,
280 1984 319 2044 ut
343 1981 455 2044 omnia
478 1980 619 2067 scripta,
648 1980 770 2064 quibus
793 1979 985 2065 Xenophon
1010 1979 1184 2044 Socratem
1207 1978 1323 2066 dispu-

144 2094 280 2153 tantem
303 2086 400 2172 fecit,
435 2110 504 2152 uno
533 2109 670 2174 corpore
695 2087 944 2152 contineantur.
993 2085 1102 2162 Quam
1126 2087 1163 2150 in
1187 2092 1322 2151 senten-

142 2195 233 2260 tiam
267 2217 306 2259 ea
340 2218 409 2259 una
442 2196 573 2260 ratione
609 2202 795 2260 commotus
831 2195 930 2278 abiit,
967 2193 1057 2279 quod
1080 2194 1323 2260 Oeconomicus

145 2303 283 2387 qualem
306 2325 397 2367 nunc
419 2302 575 2388 legimus
600 2301 738 2388 incipit:
754 2289 905 2362 Ἤκουσα
942 2295 978 2361 δέ
1011 2321 1096 2362 ποτε
1131 2290 1322 2361 αὐτοῦκαὶ

147 2402 229 2492 περὶ
254 2401 444 2487 οἰκονομίας
467 2400 580 2470 τοιοίδε
604 2401 844 2490 διαλεγομένου.
890 2408 1065 2496 Apparere
1101 2408 1192 2472 enim
1228 2408 1321 2493 dicit,

145 2515 412 2602 Xenophontem
435 2516 497 2581 tali
516 2516 689 2602 prooemio
709 2516 762 2581 uti
784 2538 854 2581 non
868 2517 1030 2602 potuisse,
1054 2516 1124 2581 nisi
1139 2516 1208 2580 iam
1223 2522 1323 2580 antea

146 2624 323 2690 Socratem
358 2623 400 2687 de
435 2623 511 2688 aliis
538 2623 639 2688 rebus
668 2622 899 2717 disputantem
927 2623 1077 2706 fecisset,
1103 2647 1168 2709 qua
1190 2623 1322 2688 ratione

146 2731 318 2797 Galenus
339 2729 407 2795 iam
446 2736 485 2795 ut
524 2730 787 2796 Oeconomicum
827 2737 1012 2796 extremam
1050 2729 1321 2795 Memorabilium

144 2845 280 2926 partem
304 2860 377 2902 csse
394 2846 547 2904 censeret
563 2845 749 2904 commotus
767 2845 819 2902 est
841 2836 899 2922 (ad
914 2839 1075 2925 Hippocr.
1094 2831 1172 2922 περὶ
1189 2826 1322 2921 ὄρθριον

145 2945 268 3012 XVIII
296 2946 359 3009 301
388 2943 539 3029 Kuehn).
594 2946 692 3011 Idem
726 2952 840 3010 autem
875 2945 917 3010 de
953 2945 1114 3010 Convivii
1149 2945 1321 3031 prooemio

146 3051 370 3117 iudicandum
394 3075 481 3135 esse,
518 3076 595 3118 cum
622 3053 803 3140 peculiaris
830 3053 917 3118 liber
940 3053 1091 3139 incipere
1115 3075 1185 3118 non
1207 3060 1322 3138 posset

147 3159 204 3226 his
221 3159 349 3225 verbis:
371 3148 459 3219 'Ait’
478 3154 552 3239 ἐμοὶ
570 3157 680 3226 δοκεῖ.
696 3211 702 3224 .
719 3211 726 3226 ,
744 3168 806 3226 etc.
824 3198 866 3206 -
885 3160 978 3237 Quae
995 3160 1133 3246 quidem
1150 3159 1322 3226 Schenkc·

148 3266 217 3334 lius
232 3289 302 3332 non
318 3267 448 3354 primus
465 3267 531 3333 sibi
553 3269 732 3354 persuasit,
758 3268 818 3334 sed
834 3269 953 3333 eadem
968 3268 1215 3334 Delbrueckius
1240 3263 1322 3355 quo-

145 3397 213 3461 que
237 3373 353 3440 docuit
376 3374 579 3460 (Xenophon
596 3399 635 3462 p.
660 3376 712 3459 59,
741 3376 795 3459 105
821 3375 881 3441 cfr.
906 3399 938 3462 p.
959 3373 1027 3458 40).
1076 3376 1143 3442 Sed
1167 3378 1322 3460 quamvis

146 3481 338 3570 probabilia
361 3481 552 3567 videantur,
577 3490 692 3548 tamen
715 3482 784 3547 illis
808 3482 1025 3548 obiciendum
1050 3489 1114 3567 est,
1141 3483 1231 3569 quod
1253 3507 1322 3549 non

145 3589 247 3656 modo
255 3589 601 3655 Lacedaemoniorum
607 3584 841 3675 Respublica1)
855 3590 992 3676 incipit:
1002 3579 1156 3671 §aaran
1170 3582 1323 3675 ἐννοήσας

75 3698 94 3783 ‘⁸
146 3691 235 3758 ποτέ
259 3743 311 3772 ..,
347 3696 408 3761 sed
443 3697 546 3762 ctiam
569 3697 741 3763 Philolaus
776 3703 864 3762 teste
891 3698 1047 3784 Diogene
1075 3697 1212 3763 Laertio
1236 3698 1323 3764 VIII
1358 3756 1362 3763 ,

146 3804 193 3869 85
209 3803 348 3868 initium
364 3803 447 3868 fecit
462 3802 517 3868 his
532 3804 660 3870 verbis:
688 3796 791 3878 Φύσις
815 3800 879 3865 δ’ἐν
902 3804 949 3886 τῷ
964 3797 1077 3886 κόσμῳ
1102 3794 1255 3889 ἁρμόχθη
1270 3852 1276 3865 .
1292 3853 1298 3865 .
1314 3853 1321 3881 ,

147 3933 305 3977 necnon
328 3911 522 3976 Heraclitus
546 3911 731 3998 Ephesius:
761 3912 827 3973 Τοῦ
844 3906 879 3972 δὲ
903 3904 1000 3994 λόγοι·
1023 3908 1110 3973 τοῦδ’
1136 3904 1246 3986 ἐόντος
1271 3901 1322 3973 ἀεὶ

258 4176 285 4241 1)
322 4174 542 4230 Atheniensium
555 4176 746 4247 Reipublicae
758 4177 945 4248 prooemium,
965 4179 1040 4248 quod
1058 4183 1116 4232 est:
1137 4181 1207 4248 Περὶ
1227 4178 1258 4230 dt
1277 4177 1323 4244 τῆς

144 4257 298 4328 Ἀθηναίων
317 4267 457 4322 πολιτείας
476 4306 481 4316 .
503 4307 508 4316 .
529 4265 680 4320 retractari
698 4266 802 4337 potuit,
822 4286 887 4322 cum
906 4266 1018 4321 libellus
1031 4267 1107 4321 inter
1119 4267 1322 4338 Xenophontis

151 4370 240 4425 opera
259 4354 417 4408 translatus
435 4353 730 4410 Lacedaemoniorum
749 4355 933 4427 Reipublicae
953 4356 1113 4411 adderetur.
