<?xml version="1.0" encoding="UTF-8"?>
<!DOCTYPE html PUBLIC "-//W3C//DTD XHTML 1.0 Transitional//EN"
    "http://www.w3.org/TR/xhtml1/DTD/xhtml1-transitional.dtd">
<html xmlns="http://www.w3.org/1999/xhtml" xml:lang="en" lang="en">
 <head>
  <title>
</title>
<meta http-equiv="Content-Type" content="text/html;charset=utf-8" />
  <meta name='ocr-system' content='tesseract 3.04.00' />
  <meta name='ocr-capabilities' content='ocr_page ocr_carea ocr_par ocr_line ocrx_word'/>
</head>
<body>
  <div class='ocr_page' id='page_1' title='image "./dexenophontisvi00roqugoog_0033.png"; bbox 0 0 2932 4874; ppageno 0'>
   <div class='ocr_carea' id='block_1_1' title="bbox 618 200 839 265">
    <p class='ocr_par' dir='ltr' id='par_1_1' title="bbox 618 200 839 265">
     <span class='ocr_line' id='line_1_1' title="bbox 618 200 839 265; baseline 0 -20"><span class='ocrx_word' id='word_1_1' title='bbox 618 200 839 265; x_wconf 68' lang='lat'><strong>„22-</strong></span> 
     </span>
    </p>
   </div>
   <div class='ocr_carea' id='block_1_2' title="bbox 140 378 1330 4108">
    <p class='ocr_par' dir='ltr' id='par_1_2' title="bbox 140 378 1330 4108">
     <span class='ocr_line' id='line_1_2' title="bbox 142 378 1330 463; baseline 0.001 -19"><span class='ocrx_word' id='word_1_2' title='bbox 142 400 249 444; x_wconf 89' lang='lat' dir='ltr'><strong>annos</strong></span> <span class='ocrx_word' id='word_1_3' title='bbox 266 386 507 444; x_wconf 82' lang='lat' dir='ltr'><strong>commoratum</strong></span> <span class='ocrx_word' id='word_1_4' title='bbox 524 386 559 444; x_wconf 90' lang='lat' dir='ltr'><strong>et</strong></span> <span class='ocrx_word' id='word_1_5' title='bbox 572 379 810 463; x_wconf 77' lang='lat' dir='ltr'><strong>agriculturae,</strong></span> <span class='ocrx_word' id='word_1_6' title='bbox 823 379 1009 463; x_wconf 85' lang='lat' dir='ltr'><strong>venationi,</strong></span> <span class='ocrx_word' id='word_1_7' title='bbox 1022 379 1147 445; x_wconf 88' lang='lat' dir='ltr'><strong>litteris</strong></span> <span class='ocrx_word' id='word_1_8' title='bbox 1163 378 1330 445; x_wconf 89' lang='lat' dir='ltr'><strong>deditum</strong></span> 
     </span>
     <span class='ocr_line' id='line_1_3' title="bbox 143 485 1329 573; baseline 0.003 -23"><span class='ocrx_word' id='word_1_9' title='bbox 143 485 346 572; x_wconf 84' lang='lat' dir='ltr'><strong>scriptorum</strong></span> <span class='ocrx_word' id='word_1_10' title='bbox 369 508 529 571; x_wconf 87' lang='lat' dir='ltr'><strong>magnam</strong></span> <span class='ocrx_word' id='word_1_11' title='bbox 551 492 683 572; x_wconf 88' lang='lat' dir='ltr'><strong>partem</strong></span> <span class='ocrx_word' id='word_1_12' title='bbox 700 485 928 572; x_wconf 78' lang='lat' dir='ltr'>composuisse</span> <span class='ocrx_word' id='word_1_13' title='bbox 950 486 1055 551; x_wconf 86' lang='lat' dir='ltr'><strong>altera</strong></span> <span class='ocrx_word' id='word_1_14' title='bbox 1075 485 1329 573; x_wconf 70' lang='lat' dir='ltr'><strong>disputationis</strong></span> 
     </span>
     <span class='ocr_line' id='line_1_4' title="bbox 141 590 1327 680; baseline 0.003 -23"><span class='ocrx_word' id='word_1_15' title='bbox 141 599 276 658; x_wconf 90' lang='lat' dir='ltr'><strong>nostrae</strong></span> <span class='ocrx_word' id='word_1_16' title='bbox 298 599 395 680; x_wconf 90' lang='lat' dir='ltr'><strong>parte</strong></span> <span class='ocrx_word' id='word_1_17' title='bbox 412 592 718 658; x_wconf 78' lang='lat' dir='ltr'><strong>demonstrabimus</strong></span> <span class='ocrx_word' id='word_1_18' title='bbox 735 590 809 671; x_wconf 81' lang='grc'><strong>(611.</strong></span> <span class='ocrx_word' id='word_1_19' title='bbox 828 593 999 658; x_wconf 76' lang='lat' dir='ltr'>Plutarch.</span> <span class='ocrx_word' id='word_1_20' title='bbox 1019 592 1062 658; x_wconf 87' lang='lat' dir='ltr'><strong>de</strong></span> <span class='ocrx_word' id='word_1_21' title='bbox 1078 593 1182 659; x_wconf 88' lang='lat' dir='ltr'><strong>exilio</strong></span> <span class='ocrx_word' id='word_1_22' title='bbox 1200 618 1228 660; x_wconf 85' lang='lat' dir='ltr'><strong>e.</strong></span> <span class='ocrx_word' id='word_1_23' title='bbox 1250 594 1327 679; x_wconf 83' lang='lat'>14);</span> 
     </span>
     <span class='ocr_line' id='line_1_5' title="bbox 141 693 1329 785; baseline 0.003 -21"><span class='ocrx_word' id='word_1_24' title='bbox 141 698 428 766; x_wconf 78' lang='lat' dir='ltr'><strong>Lacedaemonios</strong></span> <span class='ocrx_word' id='word_1_25' title='bbox 452 723 533 765; x_wconf 84' lang='lat' dir='ltr'><strong>vero</strong></span> <span class='ocrx_word' id='word_1_26' title='bbox 558 693 733 781; x_wconf 78' lang='grc' dir='ltr'><em>προξενίαν</em></span> <span class='ocrx_word' id='word_1_27' title='bbox 754 723 887 785; x_wconf 88' lang='lat' dir='ltr'><strong>quoque</strong></span> <span class='ocrx_word' id='word_1_28' title='bbox 908 701 940 765; x_wconf 92' lang='grc'><strong>61</strong></span> <span class='ocrx_word' id='word_1_29' title='bbox 956 699 1091 765; x_wconf 77' lang='lat' dir='ltr'><strong>dedisse</strong></span> <span class='ocrx_word' id='word_1_30' title='bbox 1107 700 1135 765; x_wconf 94' lang='lat' dir='ltr'><strong>si</strong></span> <span class='ocrx_word' id='word_1_31' title='bbox 1151 701 1329 768; x_wconf 76' lang='lat' dir='ltr'>Dinarchi</span> 
     </span>
     <span class='ocr_line' id='line_1_6' title="bbox 141 807 1326 893; baseline 0.003 -22"><span class='ocrx_word' id='word_1_32' title='bbox 141 808 343 873; x_wconf 85' lang='lat' dir='ltr'><strong>auctoritate</strong></span> <span class='ocrx_word' id='word_1_33' title='bbox 379 807 475 872; x_wconf 93' lang='lat' dir='ltr'><strong>nisus</strong></span> <span class='ocrx_word' id='word_1_34' title='bbox 503 807 677 893; x_wconf 83' lang='lat' dir='ltr'><strong>Diogenes</strong></span> <span class='ocrx_word' id='word_1_35' title='bbox 712 807 871 871; x_wconf 76' lang='lat' dir='ltr'><strong>Laertius</strong></span> <span class='ocrx_word' id='word_1_36' title='bbox 906 808 1055 872; x_wconf 81' lang='lat' dir='ltr'><strong>affirmat</strong></span> <span class='ocrx_word' id='word_1_37' title='bbox 1094 808 1148 887; x_wconf 88' lang='lat' dir='ltr'><strong>(D.</strong></span> <span class='ocrx_word' id='word_1_38' title='bbox 1184 808 1224 873; x_wconf 88' lang='lat' dir='ltr'>H</span> <span class='ocrx_word' id='word_1_39' title='bbox 1253 807 1326 893; x_wconf 83' lang='lat'><strong>51),</strong></span> 
     </span>
     <span class='ocr_line' id='line_1_7' title="bbox 142 913 1329 1003; baseline 0.001 -23"><span class='ocrx_word' id='word_1_40' title='bbox 142 915 206 980; x_wconf 80' lang='lat' dir='ltr'><strong>hoe</strong></span> <span class='ocrx_word' id='word_1_41' title='bbox 230 937 299 980; x_wconf 91' lang='lat' dir='ltr'><strong>nen</strong></span> <span class='ocrx_word' id='word_1_42' title='bbox 324 937 389 1000; x_wconf 90' lang='lat' dir='ltr'><strong>quo</strong></span> <span class='ocrx_word' id='word_1_43' title='bbox 413 920 565 1001; x_wconf 86' lang='lat' dir='ltr'><strong>tempore</strong></span> <span class='ocrx_word' id='word_1_44' title='bbox 589 915 647 979; x_wconf 89' lang='lat' dir='ltr'><strong>ille</strong></span> <span class='ocrx_word' id='word_1_45' title='bbox 671 915 787 998; x_wconf 78' lang='lat' dir='ltr'><strong>tradit,</strong></span> <span class='ocrx_word' id='word_1_46' title='bbox 811 937 934 1001; x_wconf 85' lang='lat' dir='ltr'><strong>nempe</strong></span> <span class='ocrx_word' id='word_1_47' title='bbox 958 937 1035 979; x_wconf 88' lang='grc'><strong>6111</strong></span> <span class='ocrx_word' id='word_1_48' title='bbox 1058 913 1096 979; x_wconf 88' lang='lat' dir='ltr'><strong>in</strong></span> <span class='ocrx_word' id='word_1_49' title='bbox 1119 914 1206 980; x_wconf 88' lang='lat' dir='ltr'><strong>Asia</strong></span> <span class='ocrx_word' id='word_1_50' title='bbox 1229 916 1329 1003; x_wconf 91' lang='lat' dir='ltr'><strong>apud</strong></span> 
     </span>
     <span class='ocr_line' id='line_1_8' title="bbox 140 1020 1328 1108; baseline 0.001 -21"><span class='ocrx_word' id='word_1_51' title='bbox 140 1020 341 1108; x_wconf 81' lang='lat' dir='ltr'><strong>Agesilaum</strong></span> <span class='ocrx_word' id='word_1_52' title='bbox 363 1029 567 1105; x_wconf 86' lang='lat' dir='ltr'><strong>versaretur,</strong></span> <span class='ocrx_word' id='word_1_53' title='bbox 593 1021 721 1086; x_wconf 82' lang='lat' dir='ltr'><strong>factum</strong></span> <span class='ocrx_word' id='word_1_54' title='bbox 746 1044 819 1086; x_wconf 85' lang='grc'><strong>6666</strong></span> <span class='ocrx_word' id='word_1_55' title='bbox 844 1022 1017 1105; x_wconf 85' lang='lat' dir='ltr'><strong>existimo,</strong></span> <span class='ocrx_word' id='word_1_56' title='bbox 1042 1021 1101 1086; x_wconf 89' lang='lat' dir='ltr'><strong>sed</strong></span> <span class='ocrx_word' id='word_1_57' title='bbox 1131 1044 1210 1087; x_wconf 89' lang='lat' dir='ltr'><strong>eum</strong></span> <span class='ocrx_word' id='word_1_58' title='bbox 1234 1023 1328 1088; x_wconf 86' lang='lat' dir='ltr'><strong>Seil-</strong></span> 
     </span>
     <span class='ocr_line' id='line_1_9' title="bbox 142 1114 1329 1215; baseline 0.002 -21"><span class='ocrx_word' id='word_1_59' title='bbox 142 1129 239 1194; x_wconf 89' lang='lat' dir='ltr'><strong>lunte</strong></span> <span class='ocrx_word' id='word_1_60' title='bbox 272 1128 497 1213; x_wconf 83' lang='lat' dir='ltr'><strong>consedisset,</strong></span> <span class='ocrx_word' id='word_1_61' title='bbox 534 1151 611 1193; x_wconf 88' lang='lat' dir='ltr'><strong>eum</strong></span> <span class='ocrx_word' id='word_1_62' title='bbox 639 1129 691 1194; x_wconf 93' lang='lat' dir='ltr'><strong>illi</strong></span> <span class='ocrx_word' id='word_1_63' title='bbox 721 1129 880 1215; x_wconf 85' lang='lat' dir='ltr'><strong>proxenis</strong></span> <span class='ocrx_word' id='word_1_64' title='bbox 910 1128 981 1193; x_wconf 92' lang='lat' dir='ltr'><strong>suis</strong></span> <span class='ocrx_word' id='word_1_65' title='bbox 1008 1130 1104 1193; x_wconf 89' lang='lat' dir='ltr'><strong>velut</strong></span> <span class='ocrx_word' id='word_1_66' title='bbox 1132 1114 1329 1196; x_wconf 74' lang='lat' dir='ltr'><strong>emissariis</strong></span> 
     </span>
     <span class='ocr_line' id='line_1_10' title="bbox 142 1234 1330 1321; baseline 0.003 -22"><span class='ocrx_word' id='word_1_67' title='bbox 142 1234 414 1321; x_wconf 84' lang='lat' dir='ltr'><strong>delatoribusque</strong></span> <span class='ocrx_word' id='word_1_68' title='bbox 442 1237 497 1301; x_wconf 90' lang='lat' dir='ltr'><strong>usi</strong></span> <span class='ocrx_word' id='word_1_69' title='bbox 526 1258 599 1300; x_wconf 92' lang='lat' dir='ltr'><strong>esse</strong></span> <span class='ocrx_word' id='word_1_70' title='bbox 622 1235 805 1300; x_wconf 82' lang='lat' dir='ltr'><strong>videantur</strong></span> <span class='ocrx_word' id='word_1_71' title='bbox 828 1235 901 1316; x_wconf 85' lang='grc'><strong>(611.</strong></span> <span class='ocrx_word' id='word_1_72' title='bbox 923 1235 1129 1321; x_wconf 80' lang='lat' dir='ltr'><strong>Polydamas</strong></span> <span class='ocrx_word' id='word_1_73' title='bbox 1149 1235 1330 1303; x_wconf 89' lang='lat' dir='ltr'><strong>Pharsalii</strong></span> 
     </span>
     <span class='ocr_line' id='line_1_11' title="bbox 141 1341 1330 1429; baseline 0.003 -22"><span class='ocrx_word' id='word_1_74' title='bbox 141 1341 329 1408; x_wconf 86' lang='lat' dir='ltr'><strong>orationem</strong></span> <span class='ocrx_word' id='word_1_75' title='bbox 352 1344 441 1408; x_wconf 93' lang='lat' dir='ltr'><strong>Hell.</strong></span> <span class='ocrx_word' id='word_1_76' title='bbox 467 1342 517 1408; x_wconf 89' lang='lat' dir='ltr'><strong>VI</strong></span> <span class='ocrx_word' id='word_1_77' title='bbox 542 1346 570 1426; x_wconf 89' lang='lat'><strong>1,</strong></span> <span class='ocrx_word' id='word_1_78' title='bbox 596 1342 650 1422; x_wconf 82' lang='lat'>4.).</span> <span class='ocrx_word' id='word_1_79' title='bbox 697 1344 749 1407; x_wconf 90' lang='lat' dir='ltr'><strong>Eo</strong></span> <span class='ocrx_word' id='word_1_80' title='bbox 777 1365 857 1407; x_wconf 90' lang='lat' dir='ltr'><strong>vero</strong></span> <span class='ocrx_word' id='word_1_81' title='bbox 886 1343 959 1429; x_wconf 90' lang='lat' dir='ltr'><strong>ipso</strong></span> <span class='ocrx_word' id='word_1_82' title='bbox 988 1350 1140 1429; x_wconf 91' lang='lat' dir='ltr'><strong>tempore</strong></span> <span class='ocrx_word' id='word_1_83' title='bbox 1169 1365 1213 1407; x_wconf 86' lang='grc'><strong>611</strong></span> <span class='ocrx_word' id='word_1_84' title='bbox 1236 1342 1330 1410; x_wconf 88' lang='lat' dir='ltr'><strong>Asia</strong></span> 
     </span>
     <span class='ocr_line' id='line_1_12' title="bbox 142 1449 1329 1537; baseline 0.003 -23"><span class='ocrx_word' id='word_1_85' title='bbox 142 1450 364 1536; x_wconf 84' lang='lat' dir='ltr'><strong>Megabyzus,</strong></span> <span class='ocrx_word' id='word_1_86' title='bbox 389 1451 520 1515; x_wconf 92' lang='lat' dir='ltr'><strong>Dianae</strong></span> <span class='ocrx_word' id='word_1_87' title='bbox 536 1450 707 1536; x_wconf 86' lang='lat' dir='ltr'><strong>Ephesiae</strong></span> <span class='ocrx_word' id='word_1_88' title='bbox 731 1450 789 1514; x_wconf 92' lang='grc'><strong>1116</strong></span> <span class='ocrx_word' id='word_1_89' title='bbox 812 1449 978 1535; x_wconf 84' lang='lat' dir='ltr'><strong>pontifex,</strong></span> <span class='ocrx_word' id='word_1_90' title='bbox 1003 1450 1162 1536; x_wconf 88' lang='lat' dir='ltr'><strong>Olympia</strong></span> <span class='ocrx_word' id='word_1_91' title='bbox 1185 1458 1329 1537; x_wconf 89' lang='lat' dir='ltr'><strong>speeta-</strong></span> 
     </span>
     <span class='ocr_line' id='line_1_13' title="bbox 141 1548 1328 1645; baseline -0.004 -23"><span class='ocrx_word' id='word_1_92' title='bbox 141 1564 237 1622; x_wconf 89' lang='lat' dir='ltr'><strong>turus</strong></span> <span class='ocrx_word' id='word_1_93' title='bbox 260 1557 358 1622; x_wconf 90' lang='lat' dir='ltr'><strong>venit</strong></span> <span class='ocrx_word' id='word_1_94' title='bbox 386 1554 510 1640; x_wconf 83' lang='lat' dir='ltr'><strong>(Anab.</strong></span> <span class='ocrx_word' id='word_1_95' title='bbox 532 1558 564 1623; x_wconf 87' lang='lat' dir='ltr'>V</span> <span class='ocrx_word' id='word_1_96' title='bbox 585 1559 615 1641; x_wconf 88' lang='lat'><strong>3,</strong></span> <span class='ocrx_word' id='word_1_97' title='bbox 639 1558 673 1636; x_wconf 80' lang='lat'><strong>73</strong></span> <span class='ocrx_word' id='word_1_98' title='bbox 702 1557 803 1642; x_wconf 85' lang='lat' dir='ltr'><strong>Diog.</strong></span> <span class='ocrx_word' id='word_1_99' title='bbox 829 1558 865 1621; x_wconf 92' lang='grc'><strong>11</strong></span> <span class='ocrx_word' id='word_1_100' title='bbox 888 1556 930 1621; x_wconf 75' lang='grc'><strong>112</strong></span> <span class='ocrx_word' id='word_1_101' title='bbox 954 1549 1039 1617; x_wconf 74' lang='grc' dir='ltr'><strong>κατὰ</strong></span> <span class='ocrx_word' id='word_1_102' title='bbox 1063 1548 1238 1641; x_wconf 73' lang='grc' dir='ltr'><em>πρόφασιν</em></span> <span class='ocrx_word' id='word_1_103' title='bbox 1261 1559 1328 1645; x_wconf 78' lang='grc' dir='ltr'><strong>τῆς</strong></span> 
     </span>
     <span class='ocr_line' id='line_1_14' title="bbox 143 1656 1329 1752; baseline 0.007 -28"><span class='ocrx_word' id='word_1_104' title='bbox 143 1656 379 1750; x_wconf 74' lang='grc' dir='ltr'><strong>πανηγύρεως),</strong></span> <span class='ocrx_word' id='word_1_105' title='bbox 404 1664 696 1750; x_wconf 88' lang='lat' dir='ltr'><strong>Xenophontique</strong></span> <span class='ocrx_word' id='word_1_106' title='bbox 713 1686 786 1727; x_wconf 88' lang='lat' dir='ltr'><strong>eam</strong></span> <span class='ocrx_word' id='word_1_107' title='bbox 802 1665 992 1749; x_wconf 75' lang='lat' dir='ltr'><strong>pecuniam,</strong></span> <span class='ocrx_word' id='word_1_108' title='bbox 1017 1687 1117 1750; x_wconf 86' lang='lat' dir='ltr'><strong>quam</strong></span> <span class='ocrx_word' id='word_1_109' title='bbox 1133 1687 1211 1729; x_wconf 89' lang='lat' dir='ltr'><strong>eum</strong></span> <span class='ocrx_word' id='word_1_110' title='bbox 1227 1664 1329 1752; x_wconf 81' lang='lat' dir='ltr'><strong>Age-</strong></span> 
     </span>
     <span class='ocr_line' id='line_1_15' title="bbox 143 1769 1328 1859; baseline 0.002 -23"><span class='ocrx_word' id='word_1_111' title='bbox 143 1772 226 1837; x_wconf 88' lang='lat' dir='ltr'><strong>silao</strong></span> <span class='ocrx_word' id='word_1_112' title='bbox 261 1795 289 1836; x_wconf 90' lang='lat' dir='ltr'><strong>a.</strong></span> <span class='ocrx_word' id='word_1_113' title='bbox 319 1772 386 1836; x_wconf 82' lang='lat'><strong>394</strong></span> <span class='ocrx_word' id='word_1_114' title='bbox 420 1772 457 1835; x_wconf 90' lang='lat' dir='ltr'><strong>in</strong></span> <span class='ocrx_word' id='word_1_115' title='bbox 485 1772 658 1857; x_wconf 83' lang='lat' dir='ltr'><strong>Europam</strong></span> <span class='ocrx_word' id='word_1_116' title='bbox 692 1769 907 1857; x_wconf 84' lang='lat' dir='ltr'><strong>profecturus</strong></span> <span class='ocrx_word' id='word_1_117' title='bbox 942 1771 1073 1857; x_wconf 83' lang='lat' dir='ltr'><strong>Ephesi</strong></span> <span class='ocrx_word' id='word_1_118' title='bbox 1108 1772 1328 1859; x_wconf 86' lang='lat' dir='ltr'><strong>deposuerat,</strong></span> 
     </span>
     <span class='ocr_line' id='line_1_16' title="bbox 140 1878 1330 1967; baseline 0.003 -24"><span class='ocrx_word' id='word_1_119' title='bbox 140 1878 301 1944; x_wconf 88' lang='lat' dir='ltr'><strong>reddidit.</strong></span> <span class='ocrx_word' id='word_1_120' title='bbox 362 1878 459 1955; x_wconf 81' lang='lat' dir='ltr'><strong>Quod</strong></span> <span class='ocrx_word' id='word_1_121' title='bbox 487 1901 507 1943; x_wconf 90' lang='lat' dir='ltr'><strong>a</strong></span> <span class='ocrx_word' id='word_1_122' title='bbox 535 1879 610 1961; x_wconf 85' lang='lat'><strong>384,</strong></span> <span class='ocrx_word' id='word_1_123' title='bbox 647 1900 713 1963; x_wconf 86' lang='lat' dir='ltr'><strong>quo</strong></span> <span class='ocrx_word' id='word_1_124' title='bbox 748 1879 857 1963; x_wconf 89' lang='lat' dir='ltr'><strong>prima</strong></span> <span class='ocrx_word' id='word_1_125' title='bbox 891 1884 969 1964; x_wconf 89' lang='lat' dir='ltr'><strong>post</strong></span> <span class='ocrx_word' id='word_1_126' title='bbox 1004 1901 1122 1965; x_wconf 85' lang='lat' dir='ltr'><strong>paoem</strong></span> <span class='ocrx_word' id='word_1_127' title='bbox 1158 1879 1330 1967; x_wconf 88' lang='lat' dir='ltr'><strong>Olympia</strong></span> 
     </span>
     <span class='ocr_line' id='line_1_17' title="bbox 144 1985 1329 2069; baseline 0.003 -19"><span class='ocrx_word' id='word_1_128' title='bbox 144 1985 312 2051; x_wconf 85' lang='lat' dir='ltr'><strong>celebrata</strong></span> <span class='ocrx_word' id='word_1_129' title='bbox 340 1991 433 2069; x_wconf 90' lang='lat' dir='ltr'><strong>sunt,</strong></span> <span class='ocrx_word' id='word_1_130' title='bbox 471 1985 599 2050; x_wconf 82' lang='lat' dir='ltr'><strong>factum</strong></span> <span class='ocrx_word' id='word_1_131' title='bbox 637 2007 710 2049; x_wconf 91' lang='lat' dir='ltr'><strong>esse</strong></span> <span class='ocrx_word' id='word_1_132' title='bbox 739 2007 816 2050; x_wconf 91' lang='lat' dir='ltr'><strong>eum</strong></span> <span class='ocrx_word' id='word_1_133' title='bbox 843 1985 999 2050; x_wconf 89' lang='lat' dir='ltr'><strong>Nitsehio</strong></span> <span class='ocrx_word' id='word_1_134' title='bbox 1024 1985 1198 2051; x_wconf 84' lang='lat' dir='ltr'><strong>consentio</strong></span> <span class='ocrx_word' id='word_1_135' title='bbox 1237 1986 1329 2067; x_wconf 91' lang='lat' dir='ltr'><strong>(Ab-</strong></span> 
     </span>
     <span class='ocr_line' id='line_1_18' title="bbox 143 2088 1328 2179; baseline 0.003 -22"><span class='ocrx_word' id='word_1_136' title='bbox 143 2092 222 2158; x_wconf 83' lang='lat' dir='ltr'><strong>fass.</strong></span> <span class='ocrx_word' id='word_1_137' title='bbox 248 2093 279 2157; x_wconf 87' lang='lat' dir='ltr'><strong>d.</strong></span> <span class='ocrx_word' id='word_1_138' title='bbox 305 2093 395 2157; x_wconf 87' lang='lat' dir='ltr'><strong>Hell.</strong></span> <span class='ocrx_word' id='word_1_139' title='bbox 420 2116 452 2179; x_wconf 86' lang='lat' dir='ltr'><strong>p.</strong></span> <span class='ocrx_word' id='word_1_140' title='bbox 480 2088 546 2175; x_wconf 79' lang='lat'><strong>54).</strong></span> <span class='ocrx_word' id='word_1_141' title='bbox 592 2092 666 2169; x_wconf 82' lang='lat' dir='ltr'><strong>Qua</strong></span> <span class='ocrx_word' id='word_1_142' title='bbox 689 2114 730 2155; x_wconf 85' lang='lat' dir='ltr'><strong>ex</strong></span> <span class='ocrx_word' id='word_1_143' title='bbox 754 2092 898 2177; x_wconf 83' lang='lat' dir='ltr'><strong>pecunia</strong></span> <span class='ocrx_word' id='word_1_144' title='bbox 920 2093 979 2156; x_wconf 91' lang='lat' dir='ltr'><strong>ille</strong></span> <span class='ocrx_word' id='word_1_145' title='bbox 1003 2093 1163 2157; x_wconf 86' lang='lat' dir='ltr'><strong>sacellum</strong></span> <span class='ocrx_word' id='word_1_146' title='bbox 1185 2093 1328 2160; x_wconf 89' lang='lat' dir='ltr'><strong>Dianae</strong></span> 
     </span>
     <span class='ocr_line' id='line_1_19' title="bbox 140 2198 1328 2286; baseline 0.003 -21"><span class='ocrx_word' id='word_1_147' title='bbox 140 2199 311 2286; x_wconf 89' lang='lat' dir='ltr'><strong>Ephesiae</strong></span> <span class='ocrx_word' id='word_1_148' title='bbox 340 2198 590 2264; x_wconf 80' lang='lat' dir='ltr'><strong>aedificandum</strong></span> <span class='ocrx_word' id='word_1_149' title='bbox 618 2198 750 2264; x_wconf 83' lang='lat' dir='ltr'><strong>curavit</strong></span> <span class='ocrx_word' id='word_1_150' title='bbox 774 2205 808 2263; x_wconf 90' lang='lat' dir='ltr'><strong>et</strong></span> <span class='ocrx_word' id='word_1_151' title='bbox 831 2199 1081 2264; x_wconf 88' lang='lat' dir='ltr'><strong>anniversarios</strong></span> <span class='ocrx_word' id='word_1_152' title='bbox 1110 2199 1183 2264; x_wconf 92' lang='grc'><strong>(1166</strong></span> <span class='ocrx_word' id='word_1_153' title='bbox 1212 2199 1328 2268; x_wconf 88' lang='grc'><strong>166166</strong></span> 
     </span>
     <span class='ocr_line' id='line_1_20' title="bbox 142 2302 1329 2394; baseline 0.003 -22"><span class='ocrx_word' id='word_1_154' title='bbox 142 2307 292 2394; x_wconf 87' lang='lat' dir='ltr'><strong>agendos</strong></span> <span class='ocrx_word' id='word_1_155' title='bbox 316 2307 470 2371; x_wconf 91' lang='lat' dir='ltr'><strong>instituit</strong></span> <span class='ocrx_word' id='word_1_156' title='bbox 493 2304 573 2389; x_wconf 88' lang='lat' dir='ltr'><strong>(An.</strong></span> <span class='ocrx_word' id='word_1_157' title='bbox 598 2306 630 2371; x_wconf 87' lang='lat' dir='ltr'>V</span> <span class='ocrx_word' id='word_1_158' title='bbox 654 2307 684 2391; x_wconf 88' lang='lat'><strong>3,</strong></span> <span class='ocrx_word' id='word_1_159' title='bbox 710 2307 729 2371; x_wconf 80' lang='lat'>7</span> <span class='ocrx_word' id='word_1_160' title='bbox 754 2302 840 2391; x_wconf 79' lang='lat' dir='ltr'><strong>sqq).</strong></span> <span class='ocrx_word' id='word_1_161' title='bbox 878 2305 952 2383; x_wconf 79' lang='lat' dir='ltr'><strong>Qua</strong></span> <span class='ocrx_word' id='word_1_162' title='bbox 976 2330 1017 2370; x_wconf 87' lang='lat' dir='ltr'><strong>ex</strong></span> <span class='ocrx_word' id='word_1_163' title='bbox 1040 2329 1077 2371; x_wconf 94' lang='grc'><strong>16</strong></span> <span class='ocrx_word' id='word_1_164' title='bbox 1101 2307 1160 2391; x_wconf 88' lang='lat' dir='ltr'><strong>qui</strong></span> <span class='ocrx_word' id='word_1_165' title='bbox 1183 2329 1329 2375; x_wconf 88' lang='lat' dir='ltr'><strong>eausam</strong></span> 
     </span>
     <span class='ocr_line' id='line_1_21' title="bbox 141 2412 1329 2500; baseline 0.002 -21"><span class='ocrx_word' id='word_1_166' title='bbox 141 2414 383 2500; x_wconf 89' lang='lat' dir='ltr'><strong>Xenophontis</strong></span> <span class='ocrx_word' id='word_1_167' title='bbox 419 2413 460 2478; x_wconf 92' lang='lat' dir='ltr'><strong>ob</strong></span> <span class='ocrx_word' id='word_1_168' title='bbox 495 2413 659 2499; x_wconf 89' lang='lat' dir='ltr'><strong>pietatem</strong></span> <span class='ocrx_word' id='word_1_169' title='bbox 688 2435 776 2499; x_wconf 69' lang='lat' dir='ltr'><strong>,erga</strong></span> <span class='ocrx_word' id='word_1_170' title='bbox 811 2412 890 2477; x_wconf 88' lang='lat' dir='ltr'><strong>deos</strong></span> <span class='ocrx_word' id='word_1_171' title='bbox 919 2413 1082 2479; x_wconf 87' lang='lat' dir='ltr'><strong>laudandi</strong></span> <span class='ocrx_word' id='word_1_172' title='bbox 1114 2413 1261 2500; x_wconf 85' lang='lat' dir='ltr'><strong>ducunt,</strong></span> <span class='ocrx_word' id='word_1_173' title='bbox 1299 2417 1329 2482; x_wconf 89' lang='lat' dir='ltr'><strong>ii</strong></span> 
     </span>
     <span class='ocr_line' id='line_1_22' title="bbox 142 2519 1328 2608; baseline 0.003 -23"><span class='ocrx_word' id='word_1_174' title='bbox 142 2521 236 2585; x_wconf 90' lang='lat' dir='ltr'><strong>illam</strong></span> <span class='ocrx_word' id='word_1_175' title='bbox 252 2521 432 2608; x_wconf 85' lang='lat' dir='ltr'><strong>pecuniam</strong></span> <span class='ocrx_word' id='word_1_176' title='bbox 448 2542 517 2585; x_wconf 91' lang='lat' dir='ltr'><strong>non</strong></span> <span class='ocrx_word' id='word_1_177' title='bbox 533 2521 641 2607; x_wconf 89' lang='lat' dir='ltr'><strong>ipsius</strong></span> <span class='ocrx_word' id='word_1_178' title='bbox 655 2519 769 2603; x_wconf 78' lang='lat' dir='ltr'><strong>fuisse,</strong></span> <span class='ocrx_word' id='word_1_179' title='bbox 788 2520 848 2584; x_wconf 91' lang='lat' dir='ltr'><strong>sed</strong></span> <span class='ocrx_word' id='word_1_180' title='bbox 864 2525 943 2585; x_wconf 91' lang='lat' dir='ltr'><strong>ante</strong></span> <span class='ocrx_word' id='word_1_181' title='bbox 960 2520 1107 2586; x_wconf 91' lang='lat' dir='ltr'><strong>sedeeim</strong></span> <span class='ocrx_word' id='word_1_182' title='bbox 1124 2519 1196 2585; x_wconf 89' lang='grc'><strong>1616</strong></span> <span class='ocrx_word' id='word_1_183' title='bbox 1212 2544 1328 2589; x_wconf 89' lang='grc'><strong>61166</strong></span> 
     </span>
     <span class='ocr_line' id='line_1_23' title="bbox 143 2627 1328 2714; baseline 0.003 -22"><span class='ocrx_word' id='word_1_184' title='bbox 143 2629 175 2692; x_wconf 89' lang='grc'><strong>61</strong></span> <span class='ocrx_word' id='word_1_185' title='bbox 192 2628 354 2693; x_wconf 88' lang='lat' dir='ltr'><strong>traditam</strong></span> <span class='ocrx_word' id='word_1_186' title='bbox 371 2650 445 2693; x_wconf 90' lang='lat' dir='ltr'><strong>esse</strong></span> <span class='ocrx_word' id='word_1_187' title='bbox 460 2628 661 2714; x_wconf 83' lang='lat' dir='ltr'><strong>neglegunt.</strong></span> <span class='ocrx_word' id='word_1_188' title='bbox 699 2627 865 2692; x_wconf 89' lang='lat' dir='ltr'><strong>Praedam</strong></span> <span class='ocrx_word' id='word_1_189' title='bbox 882 2628 1067 2692; x_wconf 86' lang='lat' dir='ltr'><strong>enimcum</strong></span> <span class='ocrx_word' id='word_1_190' title='bbox 1090 2652 1118 2693; x_wconf 90' lang='lat' dir='ltr'><strong>a.</strong></span> <span class='ocrx_word' id='word_1_191' title='bbox 1134 2628 1202 2692; x_wconf 88' lang='grc'><strong>400</strong></span> <span class='ocrx_word' id='word_1_192' title='bbox 1218 2629 1328 2696; x_wconf 85' lang='lat' dir='ltr'><strong>Cera·</strong></span> 
     </span>
     <span class='ocr_line' id='line_1_24' title="bbox 144 2733 1327 2823; baseline 0.003 -23"><span class='ocrx_word' id='word_1_193' title='bbox 144 2743 244 2801; x_wconf 89' lang='lat' dir='ltr'><strong>sunte</strong></span> <span class='ocrx_word' id='word_1_194' title='bbox 268 2734 392 2802; x_wconf 81' lang='lat' dir='ltr'><strong>Graeci</strong></span> <span class='ocrx_word' id='word_1_195' title='bbox 416 2733 676 2818; x_wconf 89' lang='lat' dir='ltr'><strong>distribuerent,</strong></span> <span class='ocrx_word' id='word_1_196' title='bbox 706 2733 881 2798; x_wconf 78' lang='lat' dir='ltr'><strong>decumam</strong></span> <span class='ocrx_word' id='word_1_197' title='bbox 905 2734 1058 2820; x_wconf 86' lang='lat' dir='ltr'><strong>Apollini</strong></span> <span class='ocrx_word' id='word_1_198' title='bbox 1081 2734 1327 2823; x_wconf 88' lang='lat' dir='ltr'><strong>Ephesiaeque</strong></span> 
     </span>
     <span class='ocr_line' id='line_1_25' title="bbox 142 2837 1328 2927; baseline 0.003 -20"><span class='ocrx_word' id='word_1_199' title='bbox 142 2842 273 2908; x_wconf 90' lang='lat' dir='ltr'><strong>Dianae</strong></span> <span class='ocrx_word' id='word_1_200' title='bbox 297 2842 422 2907; x_wconf 87' lang='grc'><strong>1661611</strong></span> <span class='ocrx_word' id='word_1_201' title='bbox 447 2841 589 2907; x_wconf 90' lang='lat' dir='ltr'><strong>dueibus</strong></span> <span class='ocrx_word' id='word_1_202' title='bbox 614 2841 816 2906; x_wconf 88' lang='lat' dir='ltr'><strong>servandam</strong></span> <span class='ocrx_word' id='word_1_203' title='bbox 839 2842 1055 2908; x_wconf 84' lang='lat' dir='ltr'><strong>tradiderunt</strong></span> <span class='ocrx_word' id='word_1_204' title='bbox 1063 2837 1099 2925; x_wconf 90' lang='lat' dir='ltr'><strong>l).</strong></span> <span class='ocrx_word' id='word_1_205' title='bbox 1137 2841 1255 2927; x_wconf 88' lang='lat' dir='ltr'><strong>Atque</strong></span> <span class='ocrx_word' id='word_1_206' title='bbox 1282 2867 1328 2910; x_wconf 85' lang='lat' dir='ltr'><strong>ex</strong></span> 
     </span>
     <span class='ocr_line' id='line_1_26' title="bbox 143 2948 1326 3036; baseline 0.003 -21"><span class='ocrx_word' id='word_1_207' title='bbox 143 2972 182 3015; x_wconf 90' lang='lat' dir='ltr'><strong>ea</strong></span> <span class='ocrx_word' id='word_1_208' title='bbox 205 2949 343 3035; x_wconf 88' lang='lat' dir='ltr'><strong>quidem</strong></span> <span class='ocrx_word' id='word_1_209' title='bbox 366 2956 476 3035; x_wconf 90' lang='lat' dir='ltr'><strong>parte,</strong></span> <span class='ocrx_word' id='word_1_210' title='bbox 501 2973 586 3035; x_wconf 90' lang='lat' dir='ltr'><strong>quae</strong></span> <span class='ocrx_word' id='word_1_211' title='bbox 616 2948 772 3036; x_wconf 90' lang='lat' dir='ltr'><strong>Apollini</strong></span> <span class='ocrx_word' id='word_1_212' title='bbox 801 2948 971 3013; x_wconf 89' lang='lat' dir='ltr'><strong>destinata</strong></span> <span class='ocrx_word' id='word_1_213' title='bbox 999 2956 1085 3033; x_wconf 90' lang='lat' dir='ltr'><strong>erat,</strong></span> <span class='ocrx_word' id='word_1_214' title='bbox 1121 2949 1326 3035; x_wconf 88' lang='lat' dir='ltr'><strong>Xenophon</strong></span> 
     </span>
     <span class='ocr_line' id='line_1_27' title="bbox 143 3045 1326 3141; baseline 0.002 -24"><span class='ocrx_word' id='word_1_215' title='bbox 143 3045 301 3141; x_wconf 69' lang='grc' dir='ltr'><em>ἀνάθημα</em></span> <span class='ocrx_word' id='word_1_216' title='bbox 341 3047 566 3141; x_wconf 72' lang='grc' dir='ltr'><em>ποιησάμενος</em></span> <span class='ocrx_word' id='word_1_217' title='bbox 601 3045 800 3141; x_wconf 71' lang='grc' dir='ltr'><em>ἀνατίθησιν</em></span> <span class='ocrx_word' id='word_1_218' title='bbox 833 3048 880 3129; x_wconf 77' lang='grc' dir='ltr'><strong>εἰς</strong></span> <span class='ocrx_word' id='word_1_219' title='bbox 914 3048 971 3116; x_wconf 72' lang='grc' dir='ltr'><em>τὸν</em></span> <span class='ocrx_word' id='word_1_220' title='bbox 1005 3051 1039 3115; x_wconf 74' lang='grc' dir='ltr'><em>ἐν</em></span> <span class='ocrx_word' id='word_1_221' title='bbox 1073 3053 1219 3141; x_wconf 67' lang='grc' dir='ltr'><em>Δελφοῖς</em></span> <span class='ocrx_word' id='word_1_222' title='bbox 1254 3058 1326 3119; x_wconf 77' lang='grc' dir='ltr'><em>τῶν</em></span> 
     </span>
     <span class='ocr_line' id='line_1_28' title="bbox 140 3152 1323 3251; baseline 0.005 -26"><span class='ocrx_word' id='word_1_223' title='bbox 140 3152 329 3250; x_wconf 68' lang='grc' dir='ltr'><em>Ἀθηναίων</em></span> <span class='ocrx_word' id='word_1_224' title='bbox 356 3156 534 3248; x_wconf 71' lang='grc' dir='ltr'><em>θησαυρόν,</em></span> <span class='ocrx_word' id='word_1_225' title='bbox 564 3164 695 3228; x_wconf 89' lang='lat' dir='ltr'><strong>Dianae</strong></span> <span class='ocrx_word' id='word_1_226' title='bbox 726 3186 807 3229; x_wconf 83' lang='lat' dir='ltr'><strong>vere</strong></span> <span class='ocrx_word' id='word_1_227' title='bbox 840 3169 972 3251; x_wconf 90' lang='lat' dir='ltr'><strong>partem</strong></span> <span class='ocrx_word' id='word_1_228' title='bbox 1004 3187 1114 3249; x_wconf 89' lang='lat' dir='ltr'><strong>neque</strong></span> <span class='ocrx_word' id='word_1_229' title='bbox 1149 3165 1323 3249; x_wconf 88' lang='lat' dir='ltr'><strong>quomode</strong></span> 
     </span>
     <span class='ocr_line' id='line_1_29' title="bbox 141 3256 1323 3358; baseline 0.002 -21"><span class='ocrx_word' id='word_1_230' title='bbox 141 3270 314 3358; x_wconf 88' lang='lat' dir='ltr'><strong>Apollinis</strong></span> <span class='ocrx_word' id='word_1_231' title='bbox 337 3271 498 3358; x_wconf 91' lang='lat' dir='ltr'><strong>Delphos,</strong></span> <span class='ocrx_word' id='word_1_232' title='bbox 527 3271 576 3336; x_wconf 90' lang='lat' dir='ltr'><strong>ita</strong></span> <span class='ocrx_word' id='word_1_233' title='bbox 604 3271 693 3336; x_wconf 88' lang='grc'><strong>11616</strong></span> <span class='ocrx_word' id='word_1_234' title='bbox 723 3270 898 3356; x_wconf 88' lang='lat' dir='ltr'><strong>Ephesum</strong></span> <span class='ocrx_word' id='word_1_235' title='bbox 923 3294 1073 3356; x_wconf 86' lang='lat' dir='ltr'><strong>—quae</strong></span> <span class='ocrx_word' id='word_1_236' title='bbox 1101 3256 1182 3335; x_wconf 82' lang='lat' dir='ltr'><strong>urbs</strong></span> <span class='ocrx_word' id='word_1_237' title='bbox 1210 3273 1323 3339; x_wconf 91' lang='lat' dir='ltr'><strong>multo</strong></span> 
     </span>
     <span class='ocr_line' id='line_1_30' title="bbox 142 3374 1323 3465; baseline 0.002 -22"><span class='ocrx_word' id='word_1_238' title='bbox 142 3379 255 3443; x_wconf 87' lang='lat' dir='ltr'><strong>minus</strong></span> <span class='ocrx_word' id='word_1_239' title='bbox 271 3383 400 3443; x_wconf 87' lang='lat' dir='ltr'><strong>remota</strong></span> <span class='ocrx_word' id='word_1_240' title='bbox 416 3384 488 3443; x_wconf 90' lang='lat' dir='ltr'><strong>erat</strong></span> <span class='ocrx_word' id='word_1_241' title='bbox 501 3415 542 3423; x_wconf 83' lang='lat'><strong>—</strong></span> <span class='ocrx_word' id='word_1_242' title='bbox 556 3379 661 3462; x_wconf 85' lang='lat' dir='ltr'><strong>misit,</strong></span> <span class='ocrx_word' id='word_1_243' title='bbox 674 3401 785 3464; x_wconf 91' lang='lat' dir='ltr'><strong>neque</strong></span> <span class='ocrx_word' id='word_1_244' title='bbox 802 3401 879 3442; x_wconf 91' lang='lat' dir='ltr'><strong>eum</strong></span> <span class='ocrx_word' id='word_1_245' title='bbox 892 3378 1040 3464; x_wconf 89' lang='lat' dir='ltr'><strong>primum</strong></span> <span class='ocrx_word' id='word_1_246' title='bbox 1057 3378 1131 3465; x_wconf 90' lang='lat' dir='ltr'><strong>ipse</strong></span> <span class='ocrx_word' id='word_1_247' title='bbox 1141 3374 1323 3464; x_wconf 87' lang='lat' dir='ltr'><strong>Ephesum</strong></span> 
     </span>
     <span class='ocr_line' id='line_1_31' title="bbox 142 3484 1322 3570; baseline 0.002 -20"><span class='ocrx_word' id='word_1_248' title='bbox 142 3485 298 3551; x_wconf 85' lang='lat' dir='ltr'><strong>venisset</strong></span> <span class='ocrx_word' id='word_1_249' title='bbox 323 3485 400 3570; x_wconf 87' lang='lat' dir='ltr'><strong>(quo</strong></span> <span class='ocrx_word' id='word_1_250' title='bbox 424 3485 567 3550; x_wconf 85' lang='grc'><strong>16116666</strong></span> <span class='ocrx_word' id='word_1_251' title='bbox 591 3485 660 3550; x_wconf 89' lang='lat' dir='ltr'><strong>iam</strong></span> <span class='ocrx_word' id='word_1_252' title='bbox 684 3508 712 3550; x_wconf 89' lang='lat' dir='ltr'><strong>a.</strong></span> <span class='ocrx_word' id='word_1_253' title='bbox 738 3486 814 3570; x_wconf 82' lang='lat'><strong>399,</strong></span> <span class='ocrx_word' id='word_1_254' title='bbox 840 3507 915 3549; x_wconf 89' lang='lat' dir='ltr'><strong>eum</strong></span> <span class='ocrx_word' id='word_1_255' title='bbox 940 3484 1093 3550; x_wconf 81' lang='lat' dir='ltr'><strong>Thibron</strong></span> <span class='ocrx_word' id='word_1_256' title='bbox 1129 3484 1322 3552; x_wconf 83' lang='lat' dir='ltr'><strong>exereitum</strong></span> 
     </span>
     <span class='ocr_line' id='line_1_32' title="bbox 144 3592 1322 3678; baseline 0.001 -20"><span class='ocrx_word' id='word_1_257' title='bbox 144 3592 362 3678; x_wconf 82' lang='lat' dir='ltr'><strong>Dercyllidae</strong></span> <span class='ocrx_word' id='word_1_258' title='bbox 378 3592 529 3658; x_wconf 88' lang='lat' dir='ltr'><strong>traderet</strong></span> <span class='ocrx_word' id='word_1_259' title='bbox 542 3592 585 3659; x_wconf 89' lang='grc'><strong>61.</strong></span> <span class='ocrx_word' id='word_1_260' title='bbox 598 3593 689 3658; x_wconf 88' lang='grc' dir='ltr'><strong>Η611.</strong></span> <span class='ocrx_word' id='word_1_261' title='bbox 706 3593 760 3657; x_wconf 85' lang='grc' dir='ltr'><strong>ΠΙ</strong></span> <span class='ocrx_word' id='word_1_262' title='bbox 775 3594 803 3678; x_wconf 88' lang='grc'><strong>1,</strong></span> <span class='ocrx_word' id='word_1_263' title='bbox 820 3594 850 3676; x_wconf 89' lang='lat'><strong>8,</strong></span> <span class='ocrx_word' id='word_1_264' title='bbox 865 3599 956 3657; x_wconf 88' lang='lat' dir='ltr'><strong>eerte</strong></span> <span class='ocrx_word' id='word_1_265' title='bbox 968 3592 1168 3678; x_wconf 84' lang='lat' dir='ltr'><strong>Agesilaum</strong></span> <span class='ocrx_word' id='word_1_266' title='bbox 1180 3599 1322 3659; x_wconf 79' lang='lat' dir='ltr'><strong>secutus</strong></span> 
     </span>
     <span class='ocr_line' id='line_1_33' title="bbox 143 3691 1322 3785; baseline -0.005 -19"><span class='ocrx_word' id='word_1_267' title='bbox 143 3724 171 3766; x_wconf 90' lang='lat' dir='ltr'><strong>a.</strong></span> <span class='ocrx_word' id='word_1_268' title='bbox 196 3700 518 3766; x_wconf 75' lang='lat' dir='ltr'><strong>396ven1e0f.111</strong></span> <span class='ocrx_word' id='word_1_269' title='bbox 545 3701 577 3785; x_wconf 89' lang='grc'><strong>4,</strong></span> <span class='ocrx_word' id='word_1_270' title='bbox 600 3702 631 3765; x_wconf 84' lang='grc'><strong>4.</strong></span> <span class='ocrx_word' id='word_1_271' title='bbox 665 3699 731 3784; x_wconf 79' lang='lat'><strong>15),</strong></span> <span class='ocrx_word' id='word_1_272' title='bbox 767 3699 948 3785; x_wconf 78' lang='lat' dir='ltr'><strong>dedicavit,</strong></span> <span class='ocrx_word' id='word_1_273' title='bbox 984 3699 1043 3764; x_wconf 88' lang='lat' dir='ltr'><strong>sed</strong></span> <span class='ocrx_word' id='word_1_274' title='bbox 1066 3691 1198 3783; x_wconf 76' lang='grc' dir='ltr'><em>μενετὴν</em></span> <span class='ocrx_word' id='word_1_275' title='bbox 1231 3692 1322 3760; x_wconf 66' lang='grc' dir='ltr'><em>θεάν</em></span> 
     </span>
     <span class='ocr_line' id='line_1_34' title="bbox 143 3806 1322 3893; baseline 0.001 -20"><span class='ocrx_word' id='word_1_276' title='bbox 143 3815 253 3891; x_wconf 87' lang='grc'><strong>16116,</strong></span> <span class='ocrx_word' id='word_1_277' title='bbox 279 3807 460 3893; x_wconf 89' lang='lat' dir='ltr'><strong>quominus</strong></span> <span class='ocrx_word' id='word_1_278' title='bbox 483 3810 647 3873; x_wconf 87' lang='lat' dir='ltr'><strong>retineret</strong></span> <span class='ocrx_word' id='word_1_279' title='bbox 669 3807 830 3893; x_wconf 85' lang='lat' dir='ltr'><strong>religioni</strong></span> <span class='ocrx_word' id='word_1_280' title='bbox 851 3829 922 3872; x_wconf 88' lang='grc'><strong>161</strong></span> <span class='ocrx_word' id='word_1_281' title='bbox 945 3806 1073 3872; x_wconf 87' lang='lat' dir='ltr'><strong>habuit.</strong></span> <span class='ocrx_word' id='word_1_282' title='bbox 1106 3808 1153 3872; x_wconf 90' lang='lat' dir='ltr'><strong>Et</strong></span> <span class='ocrx_word' id='word_1_283' title='bbox 1175 3828 1219 3870; x_wconf 89' lang='lat' dir='ltr'><strong>ne</strong></span> <span class='ocrx_word' id='word_1_284' title='bbox 1242 3811 1322 3874; x_wconf 89' lang='lat' dir='ltr'><strong>tum</strong></span> 
     </span>
     <span class='ocr_line' id='line_1_35' title="bbox 143 3913 1321 4002; baseline 0 -22"><span class='ocrx_word' id='word_1_285' title='bbox 143 3915 291 4001; x_wconf 89' lang='lat' dir='ltr'><strong>quidem,</strong></span> <span class='ocrx_word' id='word_1_286' title='bbox 316 3937 392 3980; x_wconf 88' lang='lat' dir='ltr'><strong>eum</strong></span> <span class='ocrx_word' id='word_1_287' title='bbox 417 3916 490 4002; x_wconf 87' lang='lat' dir='ltr'><strong>ipse</strong></span> <span class='ocrx_word' id='word_1_288' title='bbox 512 3938 553 3980; x_wconf 86' lang='lat' dir='ltr'><strong>ex</strong></span> <span class='ocrx_word' id='word_1_289' title='bbox 568 3915 652 3981; x_wconf 89' lang='lat' dir='ltr'><strong>Asia</strong></span> <span class='ocrx_word' id='word_1_290' title='bbox 669 3915 862 3999; x_wconf 78' lang='grc'><strong>(1616(16161,</strong></span> <span class='ocrx_word' id='word_1_291' title='bbox 886 3915 979 3979; x_wconf 87' lang='lat' dir='ltr'><strong>Deae</strong></span> <span class='ocrx_word' id='word_1_292' title='bbox 996 3914 1100 3999; x_wconf 90' lang='lat' dir='ltr'><strong>dedit,</strong></span> <span class='ocrx_word' id='word_1_293' title='bbox 1124 3914 1184 3979; x_wconf 91' lang='lat' dir='ltr'><strong>sed</strong></span> <span class='ocrx_word' id='word_1_294' title='bbox 1199 3913 1321 4000; x_wconf 85' lang='lat' dir='ltr'><strong>Mega-</strong></span> 
     </span>
     <span class='ocr_line' id='line_1_36' title="bbox 141 4004 1320 4108; baseline 0 -20"><span class='ocrx_word' id='word_1_295' title='bbox 141 4023 229 4108; x_wconf 84' lang='lat' dir='ltr'><strong>byzo</strong></span> <span class='ocrx_word' id='word_1_296' title='bbox 253 4045 292 4087; x_wconf 90' lang='lat' dir='ltr'><strong>ea</strong></span> <span class='ocrx_word' id='word_1_297' title='bbox 316 4022 515 4088; x_wconf 87' lang='lat' dir='ltr'><strong>eondieione</strong></span> <span class='ocrx_word' id='word_1_298' title='bbox 539 4004 740 4088; x_wconf 85' lang='lat' dir='ltr'><strong>servandam</strong></span> <span class='ocrx_word' id='word_1_299' title='bbox 764 4022 916 4106; x_wconf 88' lang='lat' dir='ltr'><strong>tradidit,</strong></span> <span class='ocrx_word' id='word_1_300' title='bbox 942 4029 980 4088; x_wconf 93' lang='lat' dir='ltr'><strong>ut</strong></span> <span class='ocrx_word' id='word_1_301' title='bbox 996 4021 1026 4086; x_wconf 94' lang='lat' dir='ltr'><strong>si</strong></span> <span class='ocrx_word' id='word_1_302' title='bbox 1042 4022 1116 4108; x_wconf 87' lang='lat' dir='ltr'><strong>ipse</strong></span> <span class='ocrx_word' id='word_1_303' title='bbox 1133 4021 1320 4088; x_wconf 78' lang='lat' dir='ltr'><strong>incolumis</strong></span> 
     </span>
    </p>
   </div>
   <div class='ocr_carea' id='block_1_3' title="bbox 142 4167 354 4175">
    <p class='ocr_par' dir='ltr' id='par_1_3' title="bbox 142 4167 354 4175">
     <span class='ocr_line' id='line_1_37' title="bbox 142 4167 354 4175; baseline -0.009 -1"><span class='ocrx_word' id='word_1_304' title='bbox 142 4167 354 4175; x_wconf 71' lang='lat'><strong>--..-—-.—-—.-.</strong></span> 
     </span>
    </p>
   </div>
   <div class='ocr_carea' id='block_1_4' title="bbox 146 4261 1315 4433">
    <p class='ocr_par' dir='ltr' id='par_1_4' title="bbox 146 4261 1315 4433">
     <span class='ocr_line' id='line_1_38' title="bbox 250 4261 1315 4340; baseline -0.003 -16"><span class='ocrx_word' id='word_1_305' title='bbox 250 4269 276 4339; x_wconf 84' lang='lat' dir='ltr'><strong>l)</strong></span> <span class='ocrx_word' id='word_1_306' title='bbox 314 4269 368 4323; x_wconf 84' lang='lat' dir='ltr'><strong>An.</strong></span> <span class='ocrx_word' id='word_1_307' title='bbox 384 4270 410 4324; x_wconf 85' lang='lat' dir='ltr'>V</span> <span class='ocrx_word' id='word_1_308' title='bbox 424 4271 449 4339; x_wconf 88' lang='lat'><strong>3,</strong></span> <span class='ocrx_word' id='word_1_309' title='bbox 464 4271 495 4323; x_wconf 78' lang='lat'><strong>4:</strong></span> <span class='ocrx_word' id='word_1_310' title='bbox 514 4262 562 4337; x_wconf 73' lang='grc' dir='ltr'><em>τὴν</em></span> <span class='ocrx_word' id='word_1_311' title='bbox 581 4263 697 4335; x_wconf 60' lang='grc' dir='ltr'><em>δέκτὶτην</em></span> <span class='ocrx_word' id='word_1_312' title='bbox 717 4268 846 4337; x_wconf 61' lang='lat' dir='ltr'><strong>dedicator</strong></span> <span class='ocrx_word' id='word_1_313' title='bbox 859 4273 886 4320; x_wconf 81' lang='grc'><strong>11</strong></span> <span class='ocrx_word' id='word_1_314' title='bbox 899 4273 1045 4340; x_wconf 73' lang='grc' dir='ltr'><em>στρατηγοὶ</em></span> <span class='ocrx_word' id='word_1_315' title='bbox 1061 4261 1090 4320; x_wconf 81' lang='grc' dir='ltr'><strong>τὸ</strong></span> <span class='ocrx_word' id='word_1_316' title='bbox 1103 4272 1188 4340; x_wconf 71' lang='grc' dir='ltr'><strong><em>μέρος</em></strong></span> <span class='ocrx_word' id='word_1_317' title='bbox 1201 4266 1315 4328; x_wconf 74' lang='grc' dir='ltr'><em>ἕκαστος</em></span> 
     </span>
     <span class='ocr_line' id='line_1_39' title="bbox 146 4353 546 4433; baseline -0.003 -21"><span class='ocrx_word' id='word_1_318' title='bbox 146 4353 292 4433; x_wconf 72' lang='grc' dir='ltr'><em>φυλάττειν</em></span> <span class='ocrx_word' id='word_1_319' title='bbox 310 4363 367 4418; x_wconf 80' lang='grc' dir='ltr'><strong><em>τοῖς</em></strong></span> <span class='ocrx_word' id='word_1_320' title='bbox 385 4364 470 4419; x_wconf 69' lang='grc' dir='ltr'><strong><em>θεοῖς.</em></strong></span> <span class='ocrx_word' id='word_1_321' title='bbox 498 4390 500 4399; x_wconf 50' lang='lat'><em>1</em></span> <span class='ocrx_word' id='word_1_322' title='bbox 544 4362 546 4367; x_wconf 85' lang='lat'>&#39;</span> 
     </span>
    </p>
   </div>
   <div class='ocr_carea' id='block_1_5' title="bbox 0 0 1470 4874">
    <p class='ocr_par' dir='ltr' id='par_1_5' title="bbox 0 0 1470 4874">
     <span class='ocr_line' id='line_1_40' title="bbox 0 0 1470 4874; baseline 0 0"><span class='ocrx_word' id='word_1_323' title='bbox 0 0 1470 4874; x_wconf 95' lang='lat' dir='ltr'><strong> </strong></span> 
     </span>
    </p>
   </div>
  </div>
 </body>
</html>
