2932 4874
627 195 846 265 ..31-

144 358 220 445 nias
244 399 325 444 vero
349 377 439 464 quod
463 379 610 465 exhibet,
637 381 696 465 qui
718 403 737 444 a
761 378 881 465 Gryllo
897 376 1171 467 Epaminondam
1194 377 1318 443 vulnus
1384 370 1386 375 ¹

143 485 358 551 mortiferum
394 487 563 573 accepisse
599 486 684 551 dicit
718 487 829 566 (Paus.
853 486 940 550 VIH
966 487 1017 570 11,
1042 486 1076 568 63
1112 485 1168 550 IX
1198 486 1248 570 15,
1273 483 1318 570 5),

143 593 181 658 id
217 616 294 658 cum
328 593 504 658 Plutarchi
538 593 735 659 testimonio
751 636 753 641 ·
770 584 840 658 non
874 592 987 657 minus
1017 615 1117 678 quam
1145 616 1222 658 cum
1244 593 1319 680 ipsa

142 723 258 766 rerum
280 701 412 766 ratione
435 709 581 788 pugnat;
605 725 715 786 neque
739 701 831 765 enim
847 696 1102 786 Epaminondas
1123 701 1174 765 illi
1190 700 1318 787 proelio

146 807 295 893 equestri
310 807 384 894 ipse
400 808 559 873 interfuit
583 809 684 889 (Hell.
701 808 770 874 VH
785 809 817 892 5,
837 806 900 892 14),
924 831 1034 892 neque
1054 809 1092 872 in
1112 808 1188 895 ipsa
1202 830 1318 893 pugna

145 914 356 980 Mantinensi
378 915 649 1005 Atheniensibus
673 938 709 979 se
732 915 901 1001 opposuit,
927 915 986 979 sed
1009 920 1127 979 contra
1149 914 1318 997 Lacedae-

145 1023 277 1088 monios
300 1022 391 1094 inter
414 1023 530 1107 gravis
555 1029 744 1088 armaturae
767 1021 900 1108 pedites
924 1023 1093 1109 pugnavit
1124 1023 1226 1103 (Hell.
1250 1023 1320 1089 VII

146 1131 178 1214 5,
203 1128 258 1212 23)
287 1135 321 1192 et
349 1129 391 1194 ab
421 1129 604 1215 Antipatro
633 1129 814 1215 Spartano,
851 1128 906 1194 cui
933 1151 1058 1193 nomen
1086 1129 1317 1194 lllachaerioni

147 1235 251 1300 fuisse
266 1235 414 1320 videtur,
432 1236 561 1300 occisus
579 1243 640 1301 est.
671 1234 774 1318 (Plut.
792 1235 896 1320 Ages.
914 1237 957 1300 35
974 1236 1035 1301 cfr.
1053 1237 1154 1300 Corn.
1171 1237 1258 1322 Nep.
1275 1237 1316 1300 V.

144 1343 264 1429 Epam.
287 1339 377 1426 ΙΧ.).
424 1345 544 1429 ltaque
569 1366 620 1407 ex
654 1343 889 1428 Euphranoris
924 1343 1058 1429 pictura
1092 1344 1194 1424 (Plut.
1225 1344 1345 1425 (1161.ι

142 1448 226 1515 Ath.
250 1451 343 1536 Hp.
368 1450 444 1515 346.
468 1450 569 1515 Paus.
592 1451 648 1514 IX
674 1451 724 1534 15,
750 1451 780 1515 5.
804 1450 891 1515 VIH
917 1451 967 1534 11,
985 1448 1029 1533 6),
1055 1472 1120 1535 qua
1141 1451 1199 1515 ille
1216 1449 1318 1514 duces

143 1556 287 1622 fortasse
309 1556 575 1621 Atheniensium
598 1557 902 1642 Thebanorumque
938 1557 1090 1641 equitum
1124 1563 1317 1643 pugnantes

142 1663 244 1749 fecit,
282 1663 547 1729 Atheniensium
582 1664 765 1730 iactatione
799 1665 896 1730 illum
925 1687 1071 1729 errorem
1099 1671 1211 1729 ortum
1246 1687 1319 1728 esse

144 1770 345 1836 Schaeferus
374 1794 504 1836 summa
532 1795 609 1836 cum
637 1772 886 1858 probabilitatis
916 1771 1027 1857 specie
1057 1771 1204 1835 coniecit
1237 1770 1319 1856 (De-

143 1878 338 1942 mosthenes
362 1878 416 1943 ΙΠ
439 1880 470 1963 2,
496 1879 538 1943 10
561 1879 646 1963 sqq.)
667 1875 692 1963 ).

258 2016 335 2105 §Z
382 2019 552 2105 Xenophon
578 2037 639 2105 quo
664 2037 747 2089 anno
772 2021 918 2089 mortum
943 2037 1020 2089 esse
1044 2019 1202 2088 videatur.

218 2146 270 2210 De
282 2145 525 2231 Xenophontis
537 2151 646 2210 morte
658 2146 742 2211 haec
754 2146 860 2211 tradit
871 2146 973 2231 Diog.
987 2147 1023 2211 H
1035 2147 1092 2211 56:
1107 2140 1320 2230 Κατέστρεψε

143 2246 180 2312 δὲ
196 2253 275 2312 καθ’
294 2240 316 2312 δ’
331 2270 413 2336 φησι
431 2245 664 2336 Στησικλείδης
684 2246 718 2312 ἐν
733 2251 774 2336 τῆ
796 2251 861 2312 τῶν
881 2242 1044 2336 ἀρχόντων
1057 2247 1116 2314 aui
1130 2242 1317 2332 Ὀλυμπιο-

144 2358 243 2420 νικιόν
260 2348 441 2443 ἀναγραφῇ,
456 2350 517 2419 ἔτει
536 2350 660 2442 πρώτῳ
681 2358 739 2445 τῆς
759 2353 918 2444 πέμπτης
934 2354 991 2420 καὶ
1008 2352 1186 2444 ἑκατοστῆς
1197 2348 1319 2439 Ὀλυμ-

145 2457 270 2539 πιάδος
293 2462 328 2549 (i.
354 2489 381 2530 e.
408 2489 436 2530 a.
460 2463 586 2549 460s59
611 2488 639 2531 a.
665 2466 702 2530 C.
726 2466 772 2545 11.)
797 2460 857 2526 ἐπὶ
881 2455 1036 2550 ἄρχοντος
1059 2460 1319 2553 Καλλιδημίδου,

146 2554 239 2656 ἑφόδ
261 2567 317 2632 καὶ
345 2566 522 2646 Φίλιππος
547 2561 746 2651 δ-Ἀμδντου
772 2554 976 2635 llloaeddvrov
1005 2557 1106 2659 ἦρξεν.
1144 2611 1185 2619 -
1226 2574 1320 2651 Quae

147 2679 299 2764 quamvis
332 2680 534 2766 diligentem
563 2680 763 2766 scriptorem
791 2681 942 2746 redolere
973 2681 1170 2765 videantur,
1204 2687 1320 2746 tamen

148 2808 229 2852 vera
249 2809 320 2853 non
343 2793 436 2870 sunt3
463 2810 540 2853 oum
564 2787 656 2851 enim
681 2794 714 2851 et
730 2788 987 2853 Hellenioorum
1009 2788 1099 2853 liber
1120 2794 1235 2852 sextus
1251 2811 1320 2853 non

146 2893 241 2981 prius
257 2918 358 2980 quam
375 2918 402 2959 a.
420 2895 485 2960 357
504 2894 710 2981 compositus
735 2894 790 2978 sit,
815 2900 849 2959 et
865 2896 1001 2960 libellus
1024 2895 1065 2959 de
1081 2895 1317 2982 Vectigalibus

144 3002 219 3090 ipso
248 3025 277 3067 a.
301 3003 366 3066 355
391 3004 620 3087 conscriptus,
656 3001 922 3087 Xenophontem
950 3003 1041 3067 ultra
1070 3025 1098 3067 a.
1123 3003 1190 3066 355
1212 3003 1321 3067 vitam

142 3108 344 3195 produxisse
365 3117 506 3195 oportet.
537 3106 612 3192 (cfr.
635 3110 676 3187 ἐξ
699 3110 740 3173 15
757 3114 791 3173 et
808 3108 879 3188 22.)
916 3109 1161 3174 Verumtamen
1185 3109 1321 3175 Alfredi

145 3216 188 3281 de
204 3216 411 3281 Gutschmid
434 3216 661 3281 coniecturam
678 3216 933 3300 sagacissimam
957 3211 1105 3300 secuti2)
1128 3239 1198 3282 non
1214 3217 1320 3282 Stesi-

146 3323 229 3389 olidi
261 3323 365 3389 fidem
405 3323 658 3410 abrogabimuS,
710 3323 771 3387 sed
817 3346 902 3408 quae
942 3329 1034 3388 recte
1073 3323 1132 3388 ille
1166 3323 1320 3406 tradidit,

146 3453 185 3496 ea
208 3430 281 3496 sive
310 3430 507 3515 aDiogene
537 3430 610 3495 sive
641 3430 683 3495 ab
714 3429 785 3494 eius
801 3516 802 3519 Ἴ
817 3437 952 3495 auctore
981 3431 1128 3517 pessime
1164 3437 1321 3516 corrupta

145 3536 427 3603 existimabimus.
457 3538 543 3603 Cum
559 3537 651 3601 enim
664 3525 854 3621 ἀναγραφὴν
870 3537 935 3598 τῶν
952 3527 1114 3621 ἀρχόντων
1126 3531 1183 3598 καί
1198 3527 1319 3616 Ὀλυμ-
1352 3529 1357 3539 ’

144 3644 310 3706 mortaria
337 3645 395 3710 ille
420 3644 661 3731 composuerit,
697 3667 843 3709 errorem
878 3643 958 3709 inde
994 3651 1106 3710 ortum
1141 3668 1215 3710 esse
1243 3666 1318 3730 pro-

154 3948 160 3957 ,
254 3910 280 3980 1)
318 3911 410 3977 Quam
429 3909 574 3980 Diogenes
592 3914 692 3964 narrat
710 3908 913 3980 Xenophontis
937 3927 1046 3979 vocem,
1075 3909 1124 3980 qui
1149 3927 1223 3978 eum,
1253 3927 1317 3963 oum

144 4000 281 4055 nuntium
301 3999 336 4053 de
354 3999 407 4052 filii
425 4005 518 4054 morte
537 3999 702 4070 accepisset,
722 3999 897 4053 exclamasse
916 3999 999 4053 dicit:
1020 3999 1112 4068 „Solvi
1130 3998 1282 4052 mortalem
1301 4016 1318 4052 a

144 4107 193 4146 me
212 4089 343 4160 genitum
362 4106 429 4143 esse¹
443 4088 539 4159 (Diog.
558 4088 589 4142 Π
608 4088 663 4158 54),
690 4106 723 4143 ea
742 4087 935 4159 Anaxagorae
958 4106 1071 4158 quoquc
1094 4086 1248 4157 Solonique
1267 4087 1317 4141 tri·

144 4179 245 4234 buitur
264 4166 365 4249 (Dicg.u
379 4177 409 4230 H
429 4176 481 4247 13).

252 4267 281 4338 2)
317 4268 403 4321 Hanc
423 4266 617 4321 coniecturam
637 4255 857 4322 Gutschmidius
875 4266 981 4320 scholis
1000 4266 1084 4320 docet
1108 4271 1136 4320 et
1160 4270 1193 4319 ut
1212 4266 1319 4337 publici

145 4359 218 4415 iuris
237 4357 362 4413 facerem
381 4375 494 4412 summa
513 4375 571 4428 qua
590 4357 664 4411 solet
683 4357 856 4412 liberalitate
874 4355 947 4411 mihi
965 4355 1103 4428 permisit.
