2932 4874
676 228 896 295 ..80-

200 412 330 471 motum
355 406 493 473 Grotius
528 407 678 472 animum
708 409 883 474 induxisse
911 414 1018 495 putat,
1060 415 1098 474 ut
1125 408 1267 494 tyranni
1297 431 1383 473 con·

201 513 368 579 dicionem
414 513 639 578 miserrimam
685 513 891 580 describeret
952 513 1086 600 (Grote‚
1133 515 1261 581 Platon
1310 520 1380 580 etc.

199 621 351 686 111576.
382 619 442 686 cfr.
467 620 511 685 H.
537 619 577 685 of
596 622 636 687 G.
661 621 712 686 XI
736 623 777 687 37
813 623 909 708 sqq).
965 623 1040 687 Hac
1078 622 1186 707 igitur
1224 644 1263 687 re
1302 621 1382 687 Xe-

199 727 336 813 nophon
361 734 547 793 commotus
572 751 644 793 esse
667 728 815 815 videtur,
840 735 879 793 ut
898 729 1038 815 tyranni
1053 729 1161 794 vitam
1176 727 1381 794 infelicissi-

199 857 289 898 mam
304 835 472 921 pingeret,
495 835 554 919 qui
570 857 646 899 oum
663 837 810 922 speciem
827 858 977 901 summae
993 834 1169 900 felicitatis
1185 835 1379 922 praeberet,

199 940 455 1006 infelicissimus
492 949 596 1027 esset,
632 944 712 1026 quia
746 944 899 1007 omnium
930 942 1008 1008 odio
1041 942 1210 1028 flagraret.
1272 941 1380 1008 Adde

199 1048 288 1134 quod
310 1048 386 1134 plus
410 1049 514 1112 semel
535 1048 692 1113 ludorum
714 1050 911 1137 Xenophon
934 1051 1143 1116 mentionem
1165 1049 1263 1134 facit,
1289 1072 1379 1135 quos

198 1159 365 1241 tyrannus
389 1155 499 1220 visere
522 1178 592 1220 111
615 1162 737 1242 posset,
764 1180 840 1222 cum
863 1157 990 1243 privati
1013 1179 1129 1223 omnes
1154 1155 1378 1222 111111111-

198 1263 359 1328 venirent
382 1258 548 1347 (Ham,
574 1271 609 1330 et
632 1286 708 1328 eum
732 1287 775 1328 ne
800 1264 918 1329 decere
942 1263 1080 1350 quidem
1103 1262 1188 1328 dicit
1208 1285 1286 1328 cum
1301 1264 1377 1350 pri-

199 1370 290 1436 vatis
315 1377 521 1453 concertare;
547 1368 637 1455 quod
659 1370 847 1456 Dionysius
871 1378 1011 1436 conatus
1035 1370 1173 1456 quidem
1197 1377 1285 1454 erat,
1313 1370 1378 1435 sed

199 1477 328 1542 nullam
360 1477 539 1542 victoriam
568 1476 741 1562 quadrigis
777 1478 846 1542 suis
874 1485 1106 1564 reportaverat
1133 1476 1248 1561 (Diod.
1272 1478 1377 1564 XIV,

200 1586 279 1670 1093
305 1585 351 1650 X.
369 1585 474 1649 Hiero
491 1584 527 1647 X
539 1583 593 1647 16:
613 1576 787 1662 νικώμενος
804 1573 979 1645 diacanos
992 1575 1138 1663 prditum
1153 1579 1372 1666 καταγελῷο).

197 1693 317 1777 Itaque
346 1714 416 1757 non
443 1692 491 1756 ita
518 1691 664 1756 multum
690 1697 768 1777 post
792 1714 820 1757 1.
846 1693 911 1757 384
934 1692 1120 1757 Hieronem
1144 1691 1377 1776 compositum

198 1822 271 1864 esse
307 1821 436 1864 censeo.
482 1798 597 1884 Atque
632 1799 874 1884 particularum
909 1821 1042 1884 quoque
1076 1821 1156 1864 usus
1191 1798 1254 1863 hac
1291 1821 1376 1865 cum

199 1907 371 1972 sententia
394 1906 521 1992 optime
545 1906 714 1990 congruit.
749 1906 960 1992 Quamquam
984 1907 1076 1971 enirn
1099 1929 1208 1992 genus
1231 1905 1377 1974 dicendi

198 2012 539 2079 commentationibus
564 2013 777 2077 simillimum
805 2022 858 2079 est
891 2050 933 2058 -
961 2037 1042 2079 nam
1069 2015 1178 2102 primo
1206 2015 1307 2081 modo
1340 2024 1377 2082 et

197 2121 342 2208 septimo
367 2120 477 2206 capite
501 2119 657 2206 dialogus
680 2121 793 2206 paullo
817 2121 978 2206 agitatior
1001 2128 1066 2207 est,
1095 2129 1245 2188 ceterum
1268 2125 1375 2192 modo

196 2229 302 2293 Hiero
326 2227 425 2293 modo
450 2226 643 2293 Simonides
666 2226 847 2314 perplura
871 2229 982 2314 capita
1006 2230 1069 2294 soli
1091 2225 1375 2315 1111111111)-

195 2342 311 2401 tamen
326 2326 391 2420 μήν
406 2358 444 2399 11
460 2334 640 2421 praecipue
657 2328 691 2415 γὲ
706 2326 771 2419 μήν
782 2358 918 2421 perraro
939 2336 1067 2422 legitur
1082 2334 1156 2420 (cfr.
1178 2360 1210 2424 p.
1229 2338 1272 2402 39
1290 2335 1373 2426 sq.).
1440 2318 1447 2329 ¹

419 2491 508 2580 521.
557 2494 599 2561 ne
624 2493 945 2563 Lacedaemoniorum
970 2495 1149 2582 Republica.

256 2632 264 2649 ·'
303 2620 660 2687 Lacedaemoniorum.
675 2619 798 2685 deinde
813 2620 1073 2707 Rempublicam
1097 2645 1173 2687 cum
1189 2623 1379 2692 Plutarchi

197 2724 441 2816 (Lycurgei)
464 2726 682 2813 Longiuique
699 2725 812 2812 (114)
834 2728 960 2793 iudicio
987 2751 1145 2815 pugnans
1172 2731 1377 2799 Demetrius

196 2839 339 2922 Magnes
369 2859 388 2900 a
415 2834 646 2920 Xenophonte
674 2835 820 2900 alienam
848 2859 922 2901 esse
949 2836 1060 2901 voluit
1087 2838 1140 2918 (D.
1165 2837 1205 2902 L.
1235 2837 1374 2924 1157);

196 2943 256 3008 sed
278 2951 317 3008 ut
341 2943 424 3007 haec
448 2942 513 3008 sibi
537 2941 771 3030 persuaderet,
809 2965 847 3007 ea
870 2966 937 3008 una
961 2966 1060 3008 causa
1084 2952 1270 3010 commotus
1295 2968 1376 3013 esse

195 3050 348 3134 videtur,
373 3048 464 3134 quod
487 3050 546 3114 illa
569 3071 657 3115 unus
681 3072 756 3114 cum
779 3050 969 3136 Republica
992 3049 1257 3116 Atheniensium
1281 3053 1376 3120 liber

194 3159 366 3244 legeretur
390 3156 462 3238 (cfr.
488 3159 507 3235 ξ
530 3157 579 3239 8),
605 3179 689 3241 quae
713 3157 787 3221 sine
812 3156 914 3223 dubio
937 3180 957 3222 a
980 3157 1211 3244 Xenophonte
1234 3159 1375 3227 abiudi-

196 3265 305 3331 canda
340 3270 400 3329 est.
449 3264 578 3328 Tamen
612 3271 729 3329 nostra
763 3270 874 3329 aetate
902 3264 961 3350 qui
992 3264 1110 3329 eadem
1135 3265 1200 3331 sibi
1227 3288 1374 3352 persua-

195 3372 316 3438 derent
355 3393 424 3436 non
459 3370 657 3456 defuerunt,
698 3372 794 3436 velut
827 3371 1021 3436 Boeckhius
1057 3371 1216 3452 (Staatsh.
1240 3367 1375 3461 1148)

194 3478 543 3563 Wachsmuthiusque
564 3477 666 3558 (Hell.
689 3478 937 3544 Alterthumsk.
962 3473 1005 3542 1²
1030 3474 1118 3562 798),
1144 3501 1288 3564 quorum
1311 3481 1376 3549 hio

194 3611 214 3652 a
237 3588 360 3671 Onna,
389 3586 444 3651 cui
466 3584 732 3650 Atheniensium
755 3586 1014 3672 Rempublicam
1037 3585 1174 3672 tribuit,
1208 3593 1372 3656 nostrum

195 3717 326 3780 quoque
349 3694 474 3760 librum
503 3693 726 3779 compositum
762 3716 834 3758 1111
868 3698 997 3778 111111,
1032 3693 1090 3757 ille
1125 3693 1167 3757 de
1202 3694 1375 3782 scriptore

195 3802 338 3867 dubitat.
384 3800 456 3866 Alii
483 3822 564 3865 vero
593 3806 627 3865 et
654 3800 680 3864 ii
703 3801 843 3886 plurimi
875 3824 950 3866 eam
984 3801 1192 3885 singularem
1226 3803 1374 3886 quidem

193 3909 318 3976 librum
345 3908 486 3992 habent,
522 3915 636 3972 tamen
659 3930 742 3971 num
765 3908 1005 3995 Xenophontis
1029 3931 1113 3995 opus
1138 3909 1183 3974 sit
1206 3908 1375 3978 dubitant

193 4018 249 4083 vel
272 4039 342 4082 non
366 4038 438 4081 esse
462 4015 643 4098 affirmant,
670 4037 712 4079 ex
736 4016 858 4101 quibus
880 4018 1079 4083 Mansonem
1093 4017 1226 4103 (Sparta
1240 4017 1259 4080 Ι
1275 4017 1374 4109 275),

301 4212 329 4280 1)
365 4211 443 4281 Lege
456 4207 580 4280 exempli
592 4208 687 4279 gratia
707 4226 729 4263 c.
743 4209 781 4277 ΙΙ,
801 4229 856 4280 quo
869 4209 937 4265 inde
949 4228 966 4265 a
979 4210 1066 4266 tertia
1079 4210 1261 4282 paragrapho
1276 4229 1374 4286 usque

193 4302 230 4356 ad
248 4301 290 4354 VI
312 4303 344 4357 16
364 4301 442 4355 solus
461 4299 550 4353 Hiero
569 4296 706 4367 loquitur,
730 4316 822 4369 neque
842 4300 937 4354 minus
957 4300 1108 4370 decimum,
1129 4317 1184 4370 quo
1204 4299 1373 4360 Simonides

193 4392 229 4447 ab
249 4393 340 4445 altera
358 4391 540 4462 paragrapho
562 4387 706 4457 usquead
726 4389 813 4442 finem
833 4390 898 4443 libri
918 4390 1055 4462 disputat.
