2932 4874
622 191 841 255 „27-

145 393 202 436 eas
227 377 385 437 extremo*
402 393 430 435 a.
455 369 531 453 371,
555 389 632 434 cum
655 363 803 434 Athenis
826 392 894 457 pax
917 368 1120 433 Antalcidea
1142 391 1320 434 renovare-

144 472 244 562 qurl),
270 500 347 542 suas
371 500 445 546 esse
468 480 628 553 dixerunt
656 483 690 541 et
712 483 751 542 ut
773 476 900 542 liberae
923 477 1045 542 fierent
1068 484 1319 542 recusaverunt.

144 586 249 673 (Hell.
274 586 325 651 VI
348 586 379 672 ὃ,
404 590 439 654 2;
474 579 601 657 Ἠλεῖοι
631 580 666 646 δὲ
690 571 867 666 ἀντέλεγον,
893 574 937 658 ὡς
962 573 999 645 οὗ
1024 577 1092 644 δέοι
1118 573 1319 662 αὐτονόμους

144 691 258 753 ποιεῖν
288 681 362 754 oiirs
390 698 581 782 Μαργανεῖς
614 683 687 764 odra
716 686 963 766 Σκιλλουντίους
999 679 1072 754 oiirs
1111 684 1319 775 Τριφυλίους·

147 794 305 884 σφετέρας
329 793 389 886 γὰρ
413 792 496 866 εἶναι
520 799 724 883 ταύταςτὰς
752 793 891 879 πόλεις).
938 798 1059 884 ltaque
1095 821 1133 862 eo
1168 804 1321 885 tempore

147 907 270 973 Scillus
300 915 334 973 et
363 911 562 999 Triphyliae
597 915 723 1004 oppida
752 911 914 977 Eleorum
949 907 1178 992 inxpotestate
1213 912 1319 971 erant.

147 1015 249 1080 Eleos
272 1038 353 1081 vero
370 1025 552 1104 antequam
568 1017 832 1089 Lacedaemonii
847 1035 1009 1102 magnam
1025 1013 1175 1098 aliquam
1191 1013 1321 1078 cladem
1371 1065 1374 1068 .

147 1123 367 1208 accepissent,
403 1135 520 1194 contra
548 1153 604 1196 eos
632 1126 798 1195 rebellare
824 1115 1021 1188 non'ausos
1045 1142 1118 1185 esse
1146 1119 1321 1207 probabile

148 1235 210 1313 est,
235 1231 349 1316 itaque
366 1242 445 1318 post
456 1258 608 1321 pugnam
619 1235 836 1303 Leuctricam
849 1237 883 1295 et
895 1236 1078 1313 antequam
1090 1226 1322 1293 Athenienses

147 1336 630 1426 civitatequeloponnesiaoas
655 1343 697 1408 ad
725 1362 843 1428 paoem
870 1335 1102 1402 renovandam
1133 1334 1323 1400 invitarent

145 1445 167 1509 i.
197 1467 225 1509 e.
256 1451 418 1511 autumno
447 1471 467 1512 a
495 1450 577 1534 371,
614 1448 815 1536 Triphyliae
855 1443 980 1532 oppida
1019 1448 1214 1530 expugnata
1249 1465 1322 1507 esse

144 1550 317 1616 videntur.
366 1554 471 1619 Cuius
505 1556 645 1640 quidem
673 1556 757 1621 belli
787 1553 877 1640 quod
904 1556 1037 1638 praeter
1065 1550 1256 1635 Diogenem
1288 1555 1322 1614 ‘et

144 1645 350 1724 Pausaniam
374 1683 474 1726 nemo
495 1665 704 1730 mentionem
728 1663 820 1745 fecit,
846 1658 1039 1725 mirandum
1064 1679 1133 1721 non
1158 1663 1219 1739 est,
1245 1679 1321 1721 cum

145 1766 290 1830 maiores
315 1790 447 1852 quoque
471 1772 690 1857 calamitates,
716 1792 800 1855 quae
816 1765 1095 1833 Lacedaemoniis
1112 1763 1320 1846 acciderunt,

146 1875 342 1960 Xenophon
367 1877 503 1943 silentio
527 1877 987 1965 praeterierit3'Scilluntem
1022 1879 1112 1936 certe
1150 1870 1191 1935 ab
1207 1867 1322 1952 ,Eleis

148 1981 186 2044 in
214 1989 420 2068 potestatem
448 1986 620 2051 redactam
649 2009 722 2052 esse
751 1978 1136 2059 nonoommemoravit.
1161 2015 1202 2022 —
1227 1978 1322 2043 Haec

146 2111 227 2154 vero
252 2091 424 2155 sententia
448 2115 487 2156 ea
511 2116 547 2157 re
564 2094 796 2176 confirmatur,
821 2089 911 2176 quod
928 2110 1004 2154 cum
1020 2087 1132 2150 hieme
1149 2108 1178 2159 a.
1196 2081 1321 2167 370s69

147 2196 304 2261 Thebani
338 2197 487 2283 primum
526 2201 563 2264 in
597 2202 871 2285 Peloponnesum
903 2194 1134 2260 incursionem
1171 2191 1323 2257 facerent

146 2304 267 2384 (Grote
291 2305 327 2368 X
352 2306 426 2371 294.
464 2303 705 2372 CurtiusIH⁵
729 2305 817 2388 327),
853 2303 932 2368 Elei
955 2302 1023 2366 iarn
1046 2300 1115 2364 illis
1139 2298 1324 2365 consociati

148 2409 373 2491 erantlHell.
398 2413 450 2478 VI
473 2415 503 2498 5,
528 2415 594 2498 30),
621 2421 654 2478 et
679 2413 768 2499 quod
791 2411 870 2478 Elei
893 2434 921 2476 a.
947 2410 1012 2474 368
1045 2408 1120 2472 illas
1143 2406 1245 2471 urbes
1280 2404 1324 2470 ad

146 2518 298 2583 Arcadas
315 2518 480 2585 defecisse
496 2521 658 2587 dixerunt
673 2522 775 2601 (Hell.
788 2520 857 2585 VH
875 2520 903 2604 1,
920 2514 987 2602 26),
1012 2514 1103 2602 quod
1118 2513 1229 2579 facere
1251 2535 1321 2578 non

149 2633 346 2713 potuerunt,
370 2628 439 2692 nisi
462 2628 554 2692 inter
577 2651 605 2693 a.
630 2629 696 2692 400
720 2634 753 2692 et
770 2628 835 2692 368
859 2649 915 2691 eas
938 2626 975 2690 in
999 2646 1093 2689 suam
1116 2626 1321 2708 potestatem

147 2733 363 2820 redegerunt.
410 2734 563 2820 Accedit,
600 2735 689 2821 quod
723 2736 897 2819 Diogenes
924 2729 1211 2797 Lacedaemonios
1247 2727 1320 2792 sive

150 2839 278 2924 diutius
294 2849 441 2906 moratos
459 2864 532 2906 esse
550 2843 622 2908 sive
640 2865 712 2907 sero
729 2842 854 2907 auxilio
869 2840 1005 2906 venisse
1030 2837 1114 2902 dicit
1130 2837 1242 2921 (Diog.
1259 2836 1280 2899 1.
1298 2836 1320 2900 1.

145 2940 371 3031 βραδυνόντων
386 2942 690 3032 Λακεδαιμονι’1ον);
715 2955 895 3034 postquam
920 2947 1011 3012 enim
1035 2970 1054 3011 a
1078 2946 1144 3009 370
1167 2945 1319 3031 Megalo-

145 3056 234 3142 polis
259 3056 406 3140 condita,
430 3057 610 3142 hiemeque
634 3057 830 3141 insequenti
845 3054 1016 3119 Messenia
1031 3053 1139 3117 libera
1161 3051 1321 3116 restituta

146 3169 200 3227 est
223 3160 343 3247 (Grote
358 3164 394 3228 X
416 3165 481 3228 319
497 3188 530 3229 n.
549 3166 585 3247 b,
612 3164 749 3228 Curtius
772 3163 829 3227 111
852 3164 926 3226 321.
952 3160 1029 3240 330)
1053 3160 1105 3224 1111
1129 3159 1170 3224 de
1194 3158 1320 3233 auxilio

146 3269 288 3335 ferendo
304 3293 347 3335 ne
365 3271 514 3357 cogitare
531 3271 669 3356 quidem
685 3276 876 3358 potuerunt,
895 3293 971 3334 oum
988 3268 1116 3333 duabus
1133 3267 1210 3343 viis,
1236 3289 1321 3351 quae

147 3370 352 3442 Scilluntem
375 3379 499 3463 ierunt,
532 3378 699 3464 prohibiti
727 3386 850 3443 essent.
897 3378 1017 3462 ltaque
1042 3376 1161 3440 Grotio
1185 3373 1321 3458 (Platon

145 3483 304 3564 111567)
328 3486 387 3570 qui
414 3486 515 3572 paulo
544 3492 623 3567 ante
653 3509 804 3572 pugnarn
833 3484 1087 3550 Mantinensem
1110 3481 1320 3567 Xenophon·

147 3597 218 3655 tem
254 3593 431 3678 expulsum
467 3616 540 3657 esse
576 3592 675 3677 dicit,
716 3592 875 3656 assentiri
914 3613 985 3655 non
1023 3613 1175 3678 possum,
1209 3610 1321 3673 neque

146 3699 364 3784 Kruegerum
388 3698 641 3784 (studitam)
658 3699 920 3785 Nitschiumque
936 3696 1040 3782 (Hell.
1057 3722 1089 3784 p.
1108 3695 1164 3784 511)
1189 3717 1319 3781 sequor,

255 3909 282 3979 1)
319 3911 431 3965 Hellen.
447 3912 490 3966 VI
509 3911 534 3980 5,
555 3913 585 3966 l:
605 3913 662 3964 s'nst
680 3905 846 3982 Ἀρχίδαμος
869 3912 899 3962 ἐκ
917 3909 962 3977 τῆς
981 3913 1025 3963 oa
1045 3908 1173 3980 Λεῦκτρα
1191 3915 1322 3976 βοηθείας

146 3991 274 4068 ἀπήγαγε
294 3992 324 4051 τὸ
345 3993 509 4072 στράτευμα.
537 4001 719 4056 Leuctricam
731 4020 860 4072 pugnam
874 4000 975 4071 quinto
989 3999 1035 4053 die
1046 3999 1153 4053 mensis
1166 4001 1320 4052 Hecatom·

148 4088 267 4143 basonis
286 4090 333 4157 (=
352 4090 368 4142 7
379 4090 405 4143 d.
419 4109 457 4144 m.
471 4091 491 4145 J
492 4090 543 4144 ulii
556 4090 650 4146 Ideler
664 4090 799 4145 Chronol.
814 4091 829 4143 Ι
848 4092 908 4146 385.
929 4087 984 4160 [die
998 4091 1013 4143 7
1025 4107 1049 4143 0.
1069 4089 1175 4143 mensis
1184 4088 1320 4160 Augusti.

144 4176 319 4250 Mommsen]
348 4179 400 4233 cfr.
431 4178 597 4234 Ascherson
620 4180 708 4234 Arch.
727 4180 792 4251 Ztg.
814 4180 883 4234 1856
906 4198 933 4251 p.
961 4177 1025 4248 264)
1052 4178 1235 4233 commissam
1260 4196 1321 4233 esse

145 4267 322 4321 Plutarchus
340 4267 427 4339 Ages
454 4286 477 4323 c.
497 4270 540 4322 28.
564 4268 648 4323 testis
672 4275 723 4325 est.
767 4270 871 4339 ltaque
898 4273 1038 4323 autumno
1066 4269 1112 4322 vel
1138 4268 1233 4323 hieme
1260 4268 1321 4323 eius

145 4355 217 4411 anni
226 4357 359 4412 Athenas
370 4362 546 4412 conventum
561 4375 622 4413 esse
637 4358 753 4413 videtur
773 4357 824 4412 cfr.
840 4359 929 4413 Grote
939 4359 1038 4415 Χ274.
1059 4355 1320 4413 0111111111ΠΙ5370.
