2932 4874
535 184 754 252 -95..

427 399 529 488 524.
577 402 619 470 De
645 400 865 487 Hipparchus.

167 528 280 592 Pauca
309 528 378 592 iam
406 527 448 592 de
477 527 646 614 scriptis
676 526 934 612 equestribus
963 526 1108 592 dicenda
1142 535 1232 612 sunt,
1262 584 1275 607 ,

57 627 329 723 Hipparchicum
354 635 429 699 dico
453 641 488 699 et
511 657 588 699 eum
611 634 746 718 librum,
772 635 831 718 qui
854 628 932 719 περὶ
950 625 1098 720 ἱππικῆς
1114 635 1233 700 inscri-

55 743 161 807 bitur.
197 741 311 827 Atque
337 741 654 828 Hipparchicum
678 741 816 826 quidem
839 747 1020 828 postquam
1035 743 1232 829 Xenophon

56 850 96 914 in
109 849 254 933 gratiam
268 871 345 914 cum
357 849 467 934 patria
479 848 646 932 rediisset,
660 849 884 936 compositum
897 871 969 913 esse
987 871 1028 913 ex
1044 872 1083 914 ea
1098 872 1134 913 re
1151 849 1233 914 satis

58 962 214 1043 apparet,
252 955 341 1040 quod
373 955 638 1020 Atheniensium
673 956 828 1040 equitum
862 956 1026 1039 magistro
1056 979 1097 1020 ex
1125 957 1234 1043 ipsius

59 1063 274 1150 experientia
297 1063 340 1127 ad
363 1063 494 1148 equites
519 1064 647 1148 optime
677 1063 720 1127 ad
747 1063 875 1128 bellum
904 1064 1109 1129 exercendos
1133 1070 1234 1148 atque

56 1168 227 1258 parandos
252 1170 393 1234 consilia
416 1170 484 1235 dat.
531 1171 651 1255 Itaque
675 1176 824 1235 statuere
847 1194 1036 1257 possumus,
1061 1194 1138 1236 eum
1159 1178 1236 1258 post

59 1301 88 1343 a.
114 1278 179 1341 369
209 1277 432 1363 compositum
461 1272 568 1360 essel)
596 1276 651 1357 (cf.
676 1300 708 1363 p.
734 1277 799 1361 29),
830 1276 867 1341 id
890 1278 980 1362 quod
1003 1279 1079 1343 aliis
1104 1301 1234 1363 quoque

61 1385 162 1450 rebus
187 1383 414 1449 confirmatur.
453 1385 608 1449 Primum
625 1384 716 1448 enim
733 1385 977 1471 posterioribus
994 1385 1236 1472 Xenophontis

60 1492 198 1579 scriptis
234 1498 373 1579 propter
406 1492 648 1577 particularum
682 1514 781 1556 usum
820 1491 1058 1557 attribuendus
1100 1492 1238 1557 videtur

60 1596 136 1681 (cfr.
162 1623 194 1685 p.
220 1599 263 1662 35
287 1595 383 1684 sqq),
414 1598 538 1663 deinde
573 1621 678 1663 senex
705 1600 814 1663 multa
843 1622 1022 1685 perpessus
1050 1599 1237 1684 multisque

58 1707 97 1770 in
113 1706 274 1794 periculis
290 1711 445 1771 versatus
462 1707 572 1771 elucet
596 1730 623 1771 o.
640 1706 691 1770 IX
707 1707 742 1770 8:
766 1698 795 1766 εἰ
820 1701 856 1766 δέ
871 1727 922 1779 τις
939 1705 1035 1766 τοῦτο
1058 1697 1234 1786 θαυμάζει,

61 1802 115 1873 ὅτι
147 1805 312 1885 πολλάκις
339 1807 523 1895 γέγραπται
551 1805 589 1874 τὸ
619 1805 677 1873 cdv
699 1812 771 1894 θεῷ
794 1804 967 1897 πράττειν,
999 1795 1034 1873 εὖ
1061 1804 1159 1888 ἴστω,
1186 1802 1237 1873 ὅτι

60 1909 101 2005 ἢν
125 1912 290 1993 πολλάκις
313 1911 490 2004 κινδυνεύῃ,
516 1902 613 2004 ἧττον
628 1920 726 1980 τοῦτο
752 1911 979 1998 θαυμάσεται,
1014 1927 1088 1985 tum
1119 1943 1238 1986 verum
1293 1983 1295 1986 ,

59 2027 153 2092 vidit
179 2027 356 2092 Nitschius
393 2026 516 2092 docens
540 2027 574 2107 (l.
599 2027 621 2091 l.
646 2050 678 2112 p.
704 2029 745 2092 51
771 2028 821 2112 sq)
846 2036 924 2115 post
950 2051 1102 2115 pugnam
1129 2029 1238 2093 Leuc-

61 2134 184 2199 tricam
213 2135 340 2220 scripta
364 2155 447 2217 esse,
473 2156 557 2218 quae
574 2134 625 2198 IX
640 2136 663 2197 4
677 2128 848 2220 leguntur.
882 2135 968 2200 Cum
985 2136 1077 2200 enim
1095 2135 1241 2223 scriptor

60 2241 334 2308 Atheniensibus
363 2239 512 2324 suadeat,
549 2248 587 2305 ut
610 2242 770 2306 metoecis
794 2243 886 2306 inter
909 2242 1041 2327 equites
1066 2243 1237 2329 stipendia

61 2348 218 2413 merendi
241 2346 437 2413 facultatem
462 2347 591 2433 darent,
615 2349 963 2415 Lacedaemoniorum
987 2372 1120 2435 quoque
1144 2350 1238 2434 equi-

29 2514 31 2519 .
63 2461 173 2520 tatum
197 2456 264 2519 illis
289 2456 472 2539 assumptis
496 2456 671 2520 meliorem
693 2457 866 2522 redditum
890 2479 963 2521 esse
988 2456 1082 2522 dicit.
1128 2456 1237 2534 Quem
1297 2460 1300 2469 ’

62 2586 140 2628 cum
164 2563 201 2627 in
225 2563 404 2627 Leuctrica
428 2584 543 2648 pugna
566 2563 794 2628 miserrimum
817 2563 924 2628 fuisse
948 2564 1022 2650 ipse
1044 2562 1239 2650 Xenophon

60 2676 209 2735 testetur
231 2671 322 2734 Hell.
346 2670 397 2736 VI
419 2670 451 2754 4,
479 2669 520 2734 10
539 2692 631 2741 cum
666 2670 771 2734 dicat:
801 2652 840 2754 ἦν
869 2664 905 2730 δὲ
928 2669 999 2743 τοῖς
1022 2667 1238 2749 Λακεδαιμο-

60 2769 146 2850 νίοις
161 2778 232 2836 κατ’
246 2769 435 2838 ἐκεῖνοντὸν
450 2768 563 2860 χρόνον
579 2761 806 2861 ποκηρόιαιον
821 2769 859 2837 τὸ
877 2768 1032 2852 ἱππικόν,
1052 2785 1129 2863 post
1144 2777 1239 2842 illam

61 2905 215 2971 pugnarn
239 2877 346 2957 ξένους
373 2884 464 2948 inter
495 2884 626 2969 equites
649 2890 803 2970 receptos
828 2906 901 2948 esse
930 2883 1118 2948 verisimile
1143 2880 1238 2964 est2).

63 2991 161 3068 Quae
185 2991 323 3075 quidem
346 3013 400 3055 res
424 2991 467 3055 iis
490 3014 560 3056 non
582 2991 728 3056 multum
750 2989 888 3078 profuit,
915 3009 991 3056 cum
1011 3014 1127 3076 pugna
1142 2993 1238 3057 Man-

61 3097 193 3163 tinensi
217 3097 341 3161 iterum
365 3099 497 3183 equites
521 3099 740 3163 vincerentur
764 3096 868 3181 (Hell.
885 3099 954 3163 VH
970 3098 1000 3182 5,
1018 3095 1084 3181 25).
1129 3099 1239 3164 Mani·

17 3270 23 3279 ,
64 3205 205 3270 festiora
233 3211 347 3269 autem
375 3205 537 3290 temporis
565 3205 714 3290 vestigia
742 3204 1042 3291 deprehenduntur
1071 3205 1108 3269 in
1131 3206 1240 3292 primo

64 3320 251 3398 quartoque
287 3311 412 3398 capite,
448 3334 533 3395 quae
569 3335 645 3377 cum
680 3334 799 3398 pacem
834 3321 975 3397 agerent
1007 3312 1238 3378 Athenienses

178 3541 204 3612 1)
240 3541 384 3596 Libellum
411 3539 551 3611 Corinthi,
579 3559 637 3595 non
666 3541 790 3596 Athenis
821 3541 960 3613 scriptum
991 3560 1052 3597 esse
1082 3561 1117 3597 ex
1149 3561 1182 3598 ea
1209 3561 1240 3598 re

62 3631 206 3687 Nitchius
226 3630 344 3701 colligit,
374 3631 450 3701 quod
468 3630 641 3702 Xenophon,
670 3649 735 3685 cum
758 3631 951 3685 Athenienses
979 3633 1121 3702 loquatur,
1149 3633 1240 3687 altera

62 3739 183 3794 persona
204 3720 324 3792 pluralis
342 3720 435 3774 utitur
454 3711 559 3791 (ὥσπερ
579 3714 694 3773 εἰώθατε
714 3721 823 3791 11112,
843 3720 894 3774 cfr.
914 3720 1055 3792 Krueger,
1075 3721 1195 3776 Studien
1208 3721 1240 3775 II

62 3809 140 3881 284),
170 3811 246 3881 quod
273 3815 478 3880 argumentum
496 3810 560 3866 leve
587 3815 674 3881 atque
701 3809 773 3864 satis
800 3809 994 3864 reiectaneum
1023 3810 1096 3864 mihi
1114 3810 1240 3880 videtur,

66 3918 242 3972 quamquam
262 3899 346 3954 dere
364 3899 427 3971 ipsa
446 3917 512 3953 cum
530 3899 664 3954 Nitsehio
690 3899 845 3953 consentio.
882 3899 958 3953 Nam
980 3899 1105 3954 Athenis
1128 3917 1241 3970 quoque

64 3983 100 4047 ὠς
119 3983 234 4042 εἰώθατε
255 3989 349 4043 dicere
367 3988 471 4061 potuit,
491 4007 556 4043 cum
574 3988 635 4061 ipse
649 3993 767 4060 propter
786 3993 911 4043 aetatem
925 3987 984 4042 iam
998 4006 1056 4042 non
1070 3989 1147 4044 inter
1164 3989 1240 4059 equi-

65 4084 108 4133 tes
128 4084 211 4134 esset.

174 4167 202 4238 2)
239 4167 388 4223 Metoecos
412 4167 488 4221 inter
512 4167 622 4238 equites
648 4166 805 4239 recipiendi
827 4184 890 4221 eam
913 4166 1097 4237 potissimum
1125 4185 1241 4222 causam

66 4257 157 4312 fuisse
185 4257 333 4327 existimo,
365 4257 441 4328 quod
476 4274 511 4310 ex
544 4257 622 4311 mille
650 4256 818 4327 quingentis
847 4274 913 4310 cum
942 4256 1100 4328 plurimum
1131 4256 1242 4313 civibus

67 4347 117 4401 ille
136 4367 234 4419 pugna
254 4346 457 4418 quadringenti
477 4347 631 4418 perierant.
