2932 4874
618 203 838 266 -38-

140 371 230 466 μήν).
274 379 323 446 At
350 380 668 468 Dittenbergerum,
693 406 758 468 quo
786 382 822 446 in
847 379 1014 445 Convivio
1037 402 1118 444 usus
1142 386 1194 444 est
1217 401 1317 465 argu·

141 495 272 574 mente,
306 488 424 554 eodem
458 490 495 554 in
528 492 784 557 Hellenicorum
819 489 923 553 altera
957 493 1053 575 parte
1085 489 1138 552 uti
1166 487 1318 552 noluisse

143 597 260 680 miror;
285 620 365 662 nam
393 596 430 661 in
459 597 518 662 illa
545 621 678 685 quoque
703 593 737 680 γὲ
761 587 826 682 μήν
848 597 955 660 multo
980 594 1191 680 frequentius
1216 617 1319 679 quam

144 693 228 765 ἀλλὰ
244 696 309 790 μήν
327 711 360 769 et
381 698 437 764 καὶ
452 696 517 788 μήν
541 706 687 770 occurrit
711 703 922 790 (quindecies
947 704 1038 766 enim
1063 697 1096 783 γὲ
1119 693 1192 786 μήν,
1218 702 1318 786 quin-

145 813 241 897 quies
276 806 332 872 καὶ
366 801 458 896 μήν,’
480 811 532 876 bis
558 801 641 873 ἀλλὰ
669 804 734 898 μήν
763 808 961 893 invenitur),
998 833 1074 874 cum
1102 810 1138 873 in
1166 808 1320 874 Anabasi

144 920 318 1004 aliquanto
342 919 450 984 rarius
467 919 663 985 inveniatur
679 920 801 1000 (sexies
826 919 918 982 enim
942 911 976 998 γὲ
998 909 1071 1002 μήν,
1097 916 1208 981 decies
1233 905 1318 976 ἀλλὰ

145 1018 219 1111 μήν,
251 1033 304 1091 ter
326 1019 382 1086 καὶ
406 1017 471 1110 μήν
487 1027 522 1092 in
539 1027 691 1094 Anabasi
707 1023 863 1113 legitur);
888 1025 1002 1110 itaque
1026 1025 1056 1088 si
1080 1031 1233 1088 constare
1250 1023 1319 1089 sibi

145 1133 267 1219 voluit,
290 1133 837 1222 AnabasimanteHellenicorum
861 1134 1002 1197 alteram
1025 1138 1155 1218 partem
1184 1153 1318 1217 compo-

145 1241 245 1305 sitam
278 1262 351 1305 esse
386 1263 523 1306 censere
556 1242 683 1308 debuit.
739 1242 807 1308 Sed
842 1264 918 1305 eum
952 1241 1029 1326 plus
1063 1262 1164 1324 quam
1200 1261 1318 1304 conce·

145 1345 294 1412 dandum
318 1354 379 1432 est,
403 1349 559 1415 Nitschio
595 1350 801 1415 concessisse
835 1354 933 1435 puto,
969 1348 1029 1432 qui
1062 1347 1318 1411 Hellenicorum

144 1477 176 1541 p.
204 1455 241 1520 H
268 1478 297 1520 a.
322 1456 388 1519 384
411 1457 572 1543 scriptam
597 1480 670 1522 esse
694 1457 925 1522 demonstrare
949 1454 1094 1538 studuit;
1130 1454 1318 1519 Anabasim

145 1562 237 1627 enim
271 1568 348 1649 post
372 1586 399 1628 a.
425 1564 492 1627 380
520 1564 741 1651 compositam
775 1586 848 1628 esse
884 1568 1025 1627 constat.
1084 1561 1133 1626 At
1167 1561 1319 1626 Nitschii

144 1670 239 1734 illam
262 1671 468 1735 sententiam
492 1672 567 1736 aliis
592 1671 766 1737 decausis
795 1671 1083 1756 suspectissimam
1118 1692 1191 1733 esse
1226 1668 1317 1734 infra

145 1775 460 1862 demonstrabimus
485 1778 541 1844 hic
566 1802 607 1843 ex
622 1779 808 1866 particulae
823 1769 888 1862 μήν
904 1800 967 1842 usu
984 1783 1220 1861 argumentum
1238 1776 1317 1840 duci

143 1907 213 1951 non
247 1908 345 1971 posse
380 1891 580 1971 statuamus,
611 1909 676 1971 quo
700 1885 886 1950 Anabasim
909 1890 988 1949 aute
1012 1885 1101 1949 Hell.
1126 1891 1257 1970 partem
1280 1884 1317 1948 H

145 1992 306 2077 scriptam
330 2015 403 2057 esse
426 1991 597 2079 probetur.

357 2184 379 2275 ἓ
406 2187 451 2256 Ιθ.
499 2187 541 2256 sse
566 2188 757 2274 reliquarum
783 2186 1012 2274 particularum
1038 2205 1108 2256 usu.

253 2331 367 2418 Atque
392 2355 468 2398 cum
492 2356 577 2418 quae
601 2332 885 2418 Dittenbergerus
910 2332 1130 2419 disputasset,
1167 2355 1205 2396 ea
1232 2332 1319 2397 mihi

146 2439 284 2506 adrem
307 2441 515 2527 propositam
543 2441 667 2506 summi
694 2441 860 2506 momenti
889 2463 962 2505 esse
996 2440 1207 2523 viderentur,
1244 2440 1317 2505 eius

146 2547 353 2614 sententiam
377 2549 587 2633 argumentis
617 2571 658 2612 ex
687 2548 831 2613 aliarum
853 2548 1096 2635 particularum
1118 2570 1183 2611 usu
1206 2547 1317 2612 ductis

146 2663 205 2721 aut
240 2654 505 2720 confirmandam
541 2662 600 2720 aut
633 2655 849 2720 refutandam
885 2678 957 2719 esse
996 2655 1148 2719 animum
1186 2654 1316 2720 induxi.

146 2763 257 2840 Quare
279 2763 380 2849 locos,
404 2763 526 2848 quibus
549 2754 623 2847 μήν,
649 2744 713 2839 οὖν,
738 2754 788 2846 δή,
813 2755 865 2824 τοί
889 2769 962 2845 etc,
988 2757 1052 2846 πέρ
1077 2769 1151 2846 etc,
1182 2756 1225 2843 γέ,
1250 2756 1318 2842 rel)

126 2857 220 2954 ”ἷι’ρα,
245 2861 369 2955 δήπου,
399 2851 441 2930 uri
463 2856 640 2955 leguntur,
671 2892 712 2934 ex
735 2870 890 2935 omnibus
914 2869 1157 2956 Xenophontis
1182 2870 1318 2955 scriptis

146 2976 279 3063 collegi,
305 2999 371 3062 eos,
389 2977 510 3063 quibus
528 2971 564 3037 δέ
579 2977 766 3062 invenitur,
786 3000 847 3063 per
864 2977 990 3063 scripta
1005 2977 1137 3042 minora
1152 2977 1318 3063 recensui,

146 3122 187 3130 -
213 3083 302 3170 quod
325 3107 369 3150 ne
391 3084 575 3150 ridiculum
598 3084 764 3168 videatur,
794 3107 913 3151 vereor
939 3084 1085 3170 quidem,
1109 3091 1223 3149 tamen
1248 3107 1320 3150 non

95 3221 96 3225 ¹
144 3191 219 3257 sine
242 3192 355 3278 aliquo
382 3192 476 3257 lucro
503 3191 625 3257 fecisse
654 3192 741 3257 mihi
774 3192 901 3258 videor.
962 3193 1049 3257 Cum
1083 3214 1164 3256 vero
1202 3215 1318 3257 omnes

145 3299 222 3365 illos
245 3301 336 3365 locos
361 3322 557 3365 enumerare
580 3299 716 3386 longius
740 3323 841 3385 quam
860 3300 979 3365 utilius
997 3300 1051 3384 sit,
1077 3299 1159 3364 duas
1176 3300 1318 3364 tabellas

146 3407 302 3494 exhibeo,
339 3429 481 3493 quarum
509 3407 619 3494 prima
643 3408 776 3493 quoties
800 3407 878 3472 illae
902 3407 1088 3501 particulae
1112 3408 1149 3471 in
1173 3407 1318 3491 singulis

145 3515 283 3603 scriptis
319 3522 354 3580 et
392 3515 481 3580 solae
520 3521 555 3580 et
594 3514 800 3602 compositae
838 3516 1016 3601 legantur,
1057 3514 1318 3600 demonstretur,

144 3623 264 3707 altera,
301 3622 501 3707 quibuscum
536 3622 613 3688 aliis
648 3622 825 3709 particulis
866 3622 1020 3708 singulae
1056 3622 1317 3707 coniungantur.

144 3730 352 3814 Paginarum
376 3753 524 3796 smnmas
547 3730 734 3796 secundum
758 3729 799 3795 G.
814 3729 1168 3816 Sauppiieditionem
1192 3735 1317 3794 stereo-

144 3845 263 3925 typam
287 3836 413 3903 addidi.
422 3832 446 3919 2)

255 4101 282 4173 1)
319 4103 442 4175 Neglexi
462 4093 548 4162 dum
566 4120 593 4156 τε
614 4106 668 4166 καί,
690 4095 748 4161 οἷός
765 4106 796 4155 τέ
813 4105 880 4174 εἰμι,
901 4102 945 4172 ἐφ’
965 4089 1023 4170 ᾧτε,
1045 4093 1098 4155 c‘c'rf.

252 4193 280 4263 2)
318 4194 395 4249 Usus
424 4211 488 4247 sum
516 4191 732 4247 Breitenbachii
760 4193 802 4246 ed.
826 4191 1050 4261 Hellenicorum,
1079 4192 1255 4245 Rehdantzii
1274 4192 1317 4247 ed.

146 4283 322 4353 Anabaseos‚
341 4281 497 4336 Hertleinii
519 4281 560 4335 ed.
581 4281 785 4370 Cyropaediae,
813 4281 931 4354 Sauppii
950 4281 1011 4335 edd.
1030 4281 1261 4335 Memorabilium
1289 4286 1318 4335 et

145 4372 323 4444 Scriptorum
342 4370 495 4429 minorum.
