2932 4874
561 209 780 278 ..45-

83 388 221 456 usitatis
253 395 354 474 atque
382 390 641 476 pervulgaribus
671 393 849 479 particulis
876 399 1007 478 utatur,
1044 395 1121 460 aliis
1156 394 1257 482 plane

83 498 261 583 neglectis.
291 497 383 575 Quae
406 520 475 563 101
500 497 593 563 00011
608 499 789 566 tribuenda
813 523 895 586 esse,
920 501 980 567 sed
996 502 1062 566 arti
1082 503 1257 589 scriptoris

82 604 237 671 nondum
250 592 359 670 cultae
372 612 473 690 atque
486 606 653 692 expolitae
666 606 766 672 facile
783 607 869 674 mihi
880 628 1078 675 concessum
1090 610 1134 674 iri
1148 632 1255 696 spero.

83 713 205 798 Neque
234 712 412 798 quisquam
438 720 620 798 utrumque
646 714 772 779 librum
801 738 820 780 a
848 716 1078 802 Xenophonte
1109 717 1259 783 alienum

85 842 159 884 esse
187 818 287 885 facile
316 820 383 884 sibi
416 820 647 906 persuadebit3
684 821 743 887 sed
777 823 951 888 iuventuti
986 824 1162 911 scriptoris
1197 826 1257 890 illa

84 926 173 992 vitia
189 926 301 992 danda
317 950 390 992 esse
406 927 577 994 videntur.
623 929 734 1006 Quare
759 930 842 1014 quin
858 930 1143 1017 Dittenbergerus
1167 938 1259 998 recte

85 1034 148 1100 hos
175 1034 280 1100 libros
308 1041 387 1099 ante
420 1057 536 1101 omnes
564 1036 712 1120 reliquos
744 1059 763 1101 a
790 1037 1022 1123 Xenophonte
1055 1039 1259 1126 compositos

85 1165 161 1207 0000
196 1142 381 1227 censuerit,
420 1165 490 1208 non
525 1143 657 1226 dubit03
698 1166 809 1229 neque
849 1145 962 1210 minus
999 1145 1261 1212 Oeconomicum

86 1249 226 1336 quidem
260 1249 330 1314 illis
364 1250 585 1336 posteriorem
621 1273 708 1335 0000,
750 1250 811 1316 sed
850 1259 979 1318 ceteros
1018 1253 1260 1339 Xenophontis

85 1358 192 1424 libros
221 1363 331 1424 aetate
360 1380 531 1444 superare,
569 1381 607 1422 00
636 1381 737 1443 quam
760 1358 915 1423 Platonis
945 1359 1073 1446 dialogi
1096 1361 1261 1446 praebent

66 1464 244 1558 ¹analogia
271 1464 450 1551 probatum
483 1465 605 1530 iudico.
654 1464 722 1530 Sed
744 1489 828 1530 num
851 1488 977 1551 omnes,
1015 1489 1097 1552 quos
1123 1475 1261 1552 quartae

86 1573 192 1637 aetati
215 1573 273 1637 ille
298 1572 464 1656 attribuit,
489 1571 568 1637 libri
591 1580 669 1659 post
692 1596 749 1638 000
773 1573 892 1659 0011111
916 1574 1000 1658 sint,
1030 1597 1114 1659 quos
1138 1575 1261 1640 tertiae

87 1679 194 1764 dedit,
219 1679 305 1744 mihi
327 1680 472 1744 maxime
497 1679 638 1745 dubium
662 1687 722 1745 est.
774 1682 861 1745 Nam
884 1687 1020 1767 praeter
1043 1682 1196 1748 libellum
1220 1681 1262 1746 de

86 1787 279 1855 Venatione
303 1809 419 1851 omnes
443 1786 519 1851 11100
541 1787 857 1853 commentationes:
882 1788 1141 1874 Rempublicam
1157 1789 1262 1853 Lace-

88 1895 359 1978 daemoniorum,
387 1894 670 1980 Hipparchicum,
700 1894 788 1959 Rern
813 1901 1012 1980 equestrem,
1037 1894 1191 1967 libellum
1221 1895 1262 1960 de

87 2002 333 2088 Vectigalibus,
370 1999 601 2087 [Agesilaum],
642 2008 792 2067 extrema
831 2009 942 2067 aetate
978 2026 997 2068 a
1029 2002 1264 2090 Xenophonte
1290 2034 1293 2038 ·

88 2109 292 2196 compositas
327 2132 400 2174 0000
436 2109 584 2194 0010111,
625 2110 872 2196 Cyropaediam
900 2133 981 2175 vero
1009 2110 1131 2175 tertiae
1159 2111 1265 2176 aetati

88 2217 256 2283 attribuit.
283 2204 545 2283 ⁴Verumtamen
573 2239 649 2281 cum
677 2217 714 2281 in
741 2217 862 2282 ultimo
891 2217 1123 2304 Cyropaediae
1151 2218 1263 2304 capite

87 2325 255 2413 particula
288 2315 353 2409 μήν
387 2331 458 2389 tarn
492 2323 651 2408 frequens
686 2324 746 2408 sit,
785 2346 885 2408 quam
917 2325 954 2388 in
981 2326 1076 2391 nullo
1100 2320 1170 2389 fere
1195 2324 1261 2390 alio
1362 2373 1365 2380 ·

88 2431 331 2518 Xenophontis
352 2431 439 2497 libro
464 2468 505 2476 —
529 2431 690 2496 undecies
722 2431 814 2495 enim
845 2431 881 2496 in
915 2439 1072 2516 quattuor
1103 2431 1175 2497 1010
1205 2457 1263 2520 pa-

90 2541 184 2626 ginis
206 2530 271 2624 μήν
294 2533 453 2624 10111111)
472 2561 590 2624 —per
613 2538 779 2624 reliquam
803 2561 883 2603 vero
908 2538 1157 2625 Cyropaediam
1182 2540 1264 2604 satis

90 2640 177 2714 rarox
202 2646 399 2713 inveniatur
434 2642 574 2732 (quippe
610 2668 694 2731 quae
725 2652 859 2732 praeter
887 2627 906 2729 ἦ
940 2637 1005 2730 μήν
1032 2646 1069 2709 11
1109 2645 1264 2711 ducentis

91 2762 128 2822 et
162 2755 412 2841 quinquaginta
445 2753 581 2840 paginis
617 2753 818 2838 quadragies
854 2749 1016 2838 legatur),
1057 2753 1119 2817 hac
1155 2776 1197 2817 ex
1230 2776 1266 2818 re

91 2860 253 2949 colligere
296 2885 394 2948 posse
438 2861 524 2926 mihi
566 2860 704 2945 videor,
757 2860 943 2946 particulae
989 2867 1124 2925 nostrae
1167 2883 1267 2925 usum

90 2969 407 3056 frequentissimum
431 2968 773 3034 commentationibus
797 2967 895 3032 modo
919 2968 1116 3054 posterioris
1134 2968 1266 3033 scilicet

91 3078 213 3143 aetatis
241 3077 417 3164 proprium
445 3099 533 3161 esse,
562 3076 622 3140 sed
645 3099 664 3140 a
688 3075 832 3161 dialogis
857 3087 891 3139 et
914 3097 933 3139 a
955 3097 1068 3139 rerum
1092 3082 1267 3161 gestarum

44 3254 48 3258 ,
92 3185 306 3250 enarratione
330 3184 440 3270 magis
464 3183 628 3267 alienum;
661 3206 741 3247 nam
765 3183 857 3247 illius
882 3168 1011 3268 capitis⁸
1027 3190 1266 3267 argumentum

92 3316 133 3358 ac
145 3291 345 3380 disputandi
356 3292 443 3356 10110
456 3314 533 3356 cum
546 3290 889 3357 commentationibus
901 3289 1030 3376 optime
1043 3296 1265 3376 comparatur.

93 3400 163 3467 Sed
175 3400 311 3465 etiamsi
327 3400 501 3486 epilogum
513 3422 533 3463 a
544 3397 774 3484 Xenophonte
787 3398 937 3462 alienum
950 3419 1023 3462 esse
1036 3397 1265 3481 concederem,

92 3514 210 3574 tamen
248 3506 506 3591 Dittenbergeri
545 3506 737 3571 sententiae
775 3511 956 3592 propterea
1000 3505 1160 3570 assentiri
1197 3527 1267 3569 non

93 3638 238 3703 possem,
264 3615 363 3699 quod,
388 3614 417 3678 si
441 3635 557 3679 omnes
574 3619 713 3697 quartae
730 3613 851 3678 aetatis
868 3612 947 3677 libri
967 3618 1045 3698 post
1062 3634 1117 3676 eos
1135 3619 1267 3697 compo-

92 3722 155 3788 siti
190 3728 316 3807 essent,
354 3743 437 3806 quos
471 3721 594 3786 tertiae
630 3720 688 3784 ille
721 3721 826 3784 aetati
854 3719 965 3803 dedit,
1000 3718 1267 3805 Xenophontem

93 3829 291 3916 quindecim
318 3829 388 3894 illis
412 3829 468 3893 vel
498 3827 627 3913 viginti
651 3827 826 3894 Scilluntii
852 3849 1005 3891 recessus
1033 3827 1132 3890 annis
1156 3827 1269 3891 omnia

92 3937 165 4003 fere
188 3937 317 4002 maiora
341 3937 467 4023 scripta
495 3932 758 4019 (Memorabilia,
782 3933 983 4018 Anabasim,
1009 3932 1267 4019 Cyropaediam,

92 4045 229 4111 Hellen.
253 4067 285 4131 p.
309 4045 355 4128 H,
381 4043 597 4128 Convivium,
614 4040 889 4120 Oeconomicum)
917 4040 1144 4127 composuisse
1172 4062 1268 4127 opor·

92 4160 192 4238 teret,
217 4151 412 4238 quindecim
435 4149 505 4215 1010
529 4150 573 4214 110
596 4149 709 4235 annis,
735 4172 816 4235 quos
842 4146 1000 4213 Corinthi
1023 4146 1136 4233 degit,
1166 4170 1269 4213 unam

203 4314 230 4380 l)
266 4312 297 4437 γὲ
317 4303 373 4382 μήν
391 4309 466 4366 VIII
483 4309 509 4376 8,
529 4309 553 4362 6.
573 4308 598 4362 9.
620 4308 661 4364 17.
681 4309 724 4371 20,
749 4299 816 4359 111λᾶ
835 4299 891 4377 μήν
915 4305 947 4373 ἓξ
966 4307 1008 4374 11,
1033 4305 1074 4374 12,
1098 4305 1139 4376 15,
1160 4307 1202 4375 17,
1222 4313 1272 4360 καί

299 4427 305 4455 r

93 4377 150 4460 μὴν
166 4384 199 4454 βξ
218 4386 242 4455 9,
327 4384 367 4436 18.
