2932 4874
610 212 807 278 ..3-

71 448 74 455 .
121 394 284 481 repetivit
307 394 470 479 auxitque
494 391 627 479 (Antig.
652 417 684 459 v.
709 395 850 480 Karyst.
875 417 907 481 p.
926 394 990 459 331
1015 389 1119 480 sqq.),
1144 393 1203 480 qui
1224 391 1293 459 sin-

121 504 202 589 gula
225 510 340 567 tamen
363 480 482 588 parum
504 501 693 588 probabilia
716 501 846 585 attulit,
883 523 969 587 quae
996 499 1087 565 infra
1116 500 1186 565 suis
1209 502 1294 567 locis

121 609 360 697 perlustranda
389 615 501 692 erunt,
537 609 601 674 hoc
636 611 709 675 loco
737 632 845 697 pauca
872 608 914 672 de
942 607 1108 673 Dinarchi
1143 609 1294 674 oratione

123 717 268 782 dicenda
293 723 390 781 sunt.
445 716 553 793 Quam
589 717 727 802 quidem
761 739 831 782 non
868 721 984 780 contra
1017 715 1294 801 Xenophontem,

123 826 309 910 Oyreorum
332 825 430 889 illum
454 823 574 889 ducem
597 820 749 890 habitam
773 846 848 889 esse
870 821 970 908 (quae
1000 822 1201 888 Schneideri
1228 822 1295 888 fuit

123 932 294 996 sententia
316 931 470 1018 epimetr.
494 930 604 996 Anab.
633 953 666 1017 p.
691 933 732 995 57
735 933 755 996 3
778 954 842 996 nec
865 953 935 995 non
957 931 1002 995 H.
1021 929 1164 1017 Sauppii
1188 931 1227 997 Ο.
1251 929 1293 996 A.

122 1037 159 1101 H
175 1039 255 1122 338)
277 1061 319 1103 ex
335 1061 373 1103 ea
388 1061 425 1103 re
442 1039 524 1104 satis
540 1045 689 1124 apparet,
708 1038 799 1124 quod
814 1037 983 1123 Dionysio
999 1038 1296 1104 Halicarnassensi

121 1150 208 1210 teste
236 1145 428 1211 Dinarchus
463 1169 532 1210 non
560 1151 640 1210 ante
671 1169 699 1211 a.
724 1146 790 1210 336
814 1168 931 1211 causas
956 1144 1068 1209 dicere
1093 1144 1207 1232 coepit
1241 1145 1296 1227 (de

121 1252 293 1318 Dinarcho
317 1254 368 1319 IV
396 1253 475 1336 638;
501 1251 561 1318 cfr.
584 1253 683 1317 Blass
706 1252 780 1318 Att.
804 1252 942 1318 Bereds.
972 1252 1085 1338 1112,
1109 1252 1201 1338 263),
1237 1252 1298 1318 sed
1332 1303 1333 1306 ¹

120 1359 285 1445 Aeschyli
308 1367 538 1425 accusatorem
560 1360 653 1424 illius
677 1361 907 1447 propinquum
928 1359 1034 1424 fuisse
1052 1367 1194 1446 constat,
1220 1382 1297 1425 cum

121 1466 314 1532 Dinarchus
337 1467 445 1533 vitam
469 1468 542 1532 eius
564 1468 717 1533 breviter
739 1467 958 1533 enarraverit.
1007 1466 1081 1543 Quo
1115 1490 1196 1532 vero
1236 1491 1295 1532 ne-

122 1575 341 1639 cessitudinis
373 1575 512 1641 vinculo
541 1598 617 1640 cum
644 1575 703 1639 illo
732 1575 868 1639 iunctus
897 1573 1002 1639 fuerit
1031 1597 1108 1640 oum
1130 1575 1296 1640 traditum

121 1704 191 1747 non
215 1683 274 1767 sit,
297 1682 475 1748 nesciendi
499 1689 571 1747 arte
595 1681 693 1746 nobis
716 1680 882 1746 utendum
914 1682 989 1746 erit.
1046 1682 1166 1767 Neque
1202 1683 1295 1747 enim

83 1841 91 1847 ..
122 1788 212 1874 quod
236 1790 374 1855 Grotius
399 1790 553 1873 coniecit,
579 1789 638 1874 qui
662 1810 739 1853 eum
756 1789 869 1874 Grylli
892 1789 1002 1853 filium
1026 1788 1131 1854 fuisse
1159 1791 1295 1855 censuit

121 1895 225 1980 (Hist.
262 1897 301 1963 of
331 1898 459 1962 Greece
494 1897 550 1960 IX
585 1897 649 1960 246
683 1919 717 1960 n.
748 1893 791 1980 2),
831 1919 957 1981 neque,
1002 1897 1092 1982 quod
1127 1897 1293 1964 Wilamo·
1383 1917 1385 1921 ’

121 2004 257 2070 witzius
296 2005 500 2089 affirmavit,
541 2004 600 2089 qui
636 2003 779 2069 Diodori
813 2027 891 2069 eum
925 2004 1034 2069 filium
1070 2004 1176 2069 fuisse
1211 2005 1297 2070 dicit

123 2112 345 2198 (111332),
372 2113 473 2178 certis
498 2112 710 2198 argumentis
733 2110 871 2197 probari
893 2118 1016 2198 potest,
1040 2134 1151 2197 neque
1174 2111 1204 2176 si
1221 2113 1296 2197 quis

122 2242 199 2283 eum
223 2221 297 2284 sive
314 2220 427 2303 Grylli
451 2220 523 2284 sive
539 2219 682 2283 Diodori
705 2226 864 2306 nepotem
885 2219 992 2283 fuisse
1014 2219 1170 2302 coniciat,
1196 2218 1297 2284 video

124 2326 290 2412 quomodo
325 2327 467 2392 refutari
481 2316 614 2414 possit.
624 2321 647 2407 1)
708 2327 828 2411 Neque
868 2328 977 2412 magis
1019 2349 1085 2411 qua
1120 2326 1162 2390 de
1197 2349 1298 2391 causa

122 2434 317 2521 Xenophon
338 2434 397 2498 ille
413 2433 624 2520 Aeschylum
648 2434 684 2498 in
701 2434 753 2498 ius
769 2434 954 2519 vocaverit,
972 2439 1119 2516 constat,
1145 2422 1296 2494 ἀποστα-

123 2534 196 2613 oiou
221 2542 414 2606 enimcum
436 2565 507 2606 non
530 2542 643 2606 minus
668 2542 694 2606 ii
717 2548 969 2626 accusarentur,
1007 2541 1065 2626 qui
1092 2541 1209 2606 liberti
1239 2541 1297 2607 do·

123 2648 228 2712 minis
251 2647 364 2713 officia
384 2657 456 2714 non
486 2649 752 2735 praestitissent,
789 2672 891 2735 quam
920 2648 980 2734 qui
1008 2648 1100 2713 servi
1130 2649 1298 2734 ingenuos

125 2778 160 2819 se
184 2778 257 2820 esse
279 2756 509 2828 mentirentur
532 2755 691 2841 (Gilbert,
716 2757 775 2821 Gr.
793 2757 1041 2822 Staatsalterth.
1064 2756 1082 2819 Ι
1105 2757 1178 2841 169,
1202 2778 1236 2821 n.
1256 2756 1297 2841 1),

125 2869 240 2928 utrum
264 2864 336 2929 sive
359 2866 551 2950 Aeschylus
576 2865 649 2930 sive
672 2872 768 2950 pater
793 2865 865 2929 eius
889 2863 1062 2951 aufugerit
1092 2886 1137 2928 an
1161 2862 1202 2928 de
1225 2865 1298 2929 Xe-

124 2971 310 3055 nophontis
339 2973 438 3038 domo
468 2973 554 3049 bene
582 2973 723 3036 meritus
752 2970 908 3056 (fortasse
932 2971 1066 3056 inipso
1095 2971 1155 3035 illo
1180 2970 1298 3036 discri-

124 3078 226 3163 mine,
263 3102 339 3144 cum
364 3081 531 3146 Scillunte
566 3087 624 3144 aut
659 3080 795 3145 obsessa
824 3086 882 3144 aut
910 3085 1102 3165 expugnata
1132 3078 1197 3143 filii
1226 3081 1297 3157 μετ’

125 3174 243 3266 ὀλίγων
272 3179 406 3248 οἰκετῶν
430 3177 621 3272 ὑπεξῆλθον
648 3179 696 3260 εἰς
719 3181 884 3269 Λέπρεον.
913 3187 954 3250 D.
979 3187 1019 3251 L.
1044 3183 1160 3269 1153)
1195 3185 1298 3251 liber·

233 3487 259 3558 1)
295 3490 352 3542 Per
375 3489 501 3544 filiorum
520 3495 645 3544 aetatem
668 3488 732 3543 fieri
749 3487 853 3560 potuit,
881 3492 915 3540 ut
933 3487 1105 3557 Dinarchus,
1133 3486 1183 3558 qui
1200 3487 1297 3541 1307

125 3573 249 3630 Athenis
264 3579 400 3649 expulsus
414 3585 457 3633 est
471 3580 624 3650 (Droysen,
634 3579 736 3634 Gesch.
748 3579 774 3631 d.
785 3576 955 3632 Hellenism.
966 3577 996 3630 H
1011 3578 1118 3646 1119),
1138 3575 1299 3630 orationem

127 3671 227 3720 contra
244 3674 432 3739 pronepotem
444 3668 646 3740 Xenophontis
661 3668 824 3722 habendam
838 3671 1030 3738 componeret.
1056 3666 1115 3719 Fac
1129 3665 1204 3720 enim
1224 3663 1299 3718 circa

126 3755 222 3808 1397
247 3756 380 3826 Gryllum
408 3763 509 3811 natum
538 3775 599 3812 esse
627 3757 690 3826 (cfr.
710 3758 726 3824 ξ
745 3755 773 3826 5)
798 3762 884 3826 atque
903 3774 968 3809 cum
988 3754 1170 3809 tricesimum
1189 3772 1299 3808 annum

125 3849 233 3914 ageret,
252 3845 346 3900 filium
365 3846 506 3917 genuisse,
526 3846 575 3917 qui
588 3846 686 3900 eadem
700 3846 779 3900 vitae
792 3851 887 3899 aetate
901 3844 996 3915 Grylli
1009 3849 1144 3916 nepotem
1157 3841 1298 3915 genuerit,

126 3932 290 3989 11111308
308 3935 416 4006 viginti
434 3954 539 3990 novem
563 3954 655 3989 armos
674 3943 760 3989 natus
779 3934 843 3988 fuit.
881 3933 938 3987 Sed
964 3933 1041 4005 apud
1064 3933 1190 3988 Graecos
1213 3949 1299 4004 saepe

125 4025 218 4079 multo
238 4024 364 4079 iuniores
383 4024 514 4079 homines
533 4043 638 4079 uxores
661 4025 777 4079 duxisse
800 4023 908 4078 nemini
926 4022 1061 4093 ignotum
1080 4028 1124 4076 est
1143 4021 1205 4088 (cfr.
1224 4023 1298 4077 Her-

125 4131 223 4183 mann,
244 4114 294 4168 Gr.
313 4114 392 4169 Priv.
412 4114 471 4169 Alt.
482 4115 517 4168 ed
529 4115 685 4168 Bluemner
703 4133 730 4185 p.
741 4114 784 4182 36,
803 4132 831 4167 11.
852 4110 895 4182 1.).
933 4112 978 4165 Ex
997 4111 1127 4182 Diogene
1146 4111 1200 4167 hac
1219 4111 1250 4166 in
1268 4130 1299 4166 re

126 4209 331 4274 argumentum
353 4204 466 4258 nullum
491 4204 653 4259 ducendum
681 4208 732 4274 est,
761 4221 827 4258 cum
850 4201 946 4272 Grylli
973 4200 1067 4255 filium
1096 4200 1213 4255 omnino
1240 4220 1299 4257 non

125 4298 346 4362 commemoret,
380 4293 508 4348 Diodoro
531 4298 597 4364 post
615 4311 745 4365 pugnam
763 4291 976 4347 Mantinensem
995 4289 1088 4345 filium
1106 4296 1209 4346 natum
1237 4308 1300 4346 esse

126 4382 212 4454 dicat,
233 4401 250 4436 a
271 4383 373 4454 Gryllo
392 4383 482 4438 fratre
502 4384 678 4455 appellatum
697 4384 743 4450 (D.
763 4382 795 4437 L.
815 4399 838 4436 1.
858 4381 962 4449 1154).

1089 4469 1122 4523 1*
