2932 4874
122 1246 223 1348 Duae
250 1280 349 1346 nobis
370 1279 412 1344 de
432 1278 607 1365 scriptoris
624 1278 766 1343 alicuius
786 1277 859 1344 vita
876 1277 1049 1364 disputare
1065 1277 1296 1364 aggredienti-

122 1389 185 1454 bus
201 1395 314 1474 partes
336 1386 544 1472 quaestionis
561 1385 769 1471 obferuntur,
805 1385 959 1473 Primum
976 1385 1068 1450 enim
1084 1408 1131 1470 ea,
1157 1408 1242 1471 quae
1264 1390 1298 1450 et

124 1496 182 1560 alii
198 1495 379 1580 scriptores
396 1499 431 1558 et
447 1493 519 1579 ipse
535 1494 594 1558 ille
615 1494 734 1559 desua
753 1499 865 1559 aetate
882 1500 916 1556 61
938 1493 1039 1558 rebus
1061 1492 1169 1578 gestis
1192 1492 1297 1558 tradi·

124 1602 223 1686 derit,
249 1600 439 1685 colligenda
467 1606 568 1686 atque
596 1600 687 1664 inter
714 1623 750 1665 se
774 1600 999 1688 comparanda
1022 1606 1117 1684 sunt,
1152 1606 1226 1665 tum
1260 1600 1298 1664 in

123 1717 286 1795 tempora,
310 1707 432 1793 quibus
455 1708 559 1773 libros
584 1690 819 1793 composuerit,
844 1706 1087 1793 inquirendum
1111 1713 1172 1772 661.
1209 1707 1298 1773 Nam

125 1817 155 1882 si
171 1817 278 1881 altera
290 1816 348 1881 via
365 1838 403 1880 eo
420 1838 485 1900 que
509 1816 666 1881 volumus
689 1815 870 1901 pervenire
892 1837 963 1880 non
978 1837 1168 1900 possumus,
1192 1816 1299 1880 altera

125 1946 224 2008 saepe
241 1945 279 1988 eo
296 1922 504 1988 deducimur.
539 1922 764 2000 Quamobrem
780 1944 842 2006 ege
859 1944 991 2007 quoque
1007 1921 1049 1986 de
1064 1921 1298 2008 Xenophonte

124 2029 331 2095 Atheniensi
352 2029 557 2095 disserturus
578 2030 669 2095 hunc
690 2029 844 2095 ordinem
870 2051 1000 2115 sequar.
1047 2028 1163 2115 Atque
1189 2030 1299 2116 prima
1423 2106 1425 2111 .

124 2137 232 2203 libelli
270 2137 338 2201 mei
371 2143 468 2223 parte
507 2161 597 2203 nova
635 2136 773 2222 quidem
819 2159 925 2221 pauca
967 2160 987 2201 a
1027 2160 1081 2202 me
1125 2138 1299 2224 explorata

125 2268 199 2309 esse
222 2267 322 2309 nemo
345 2243 539 2330 mirabitur,
564 2245 623 2330 qui
647 2249 733 2330 quot
758 2244 912 2308 homines
942 2242 1035 2308 docti
1069 2244 1137 2309 iam
1172 2245 1209 2310 in
1243 2244 1297 2309 his

126 2350 381 2437 quaestionibus
421 2351 594 2417 solvendis
634 2351 897 2434 elaboraverint,
937 2350 1146 2434 meminerit,
1184 2351 1300 2436 itaque

127 2457 319 2544 colligenda
338 2457 451 2544 'magis
475 2458 623 2544 fuerunt,
648 2482 733 2544 quae
757 2458 901 2523 disiecta
922 2457 1088 2542 iacebant,
1109 2457 1299 2543 refutanda,

128 2588 213 2650 quae
236 2587 357 2651 parum
379 2565 599 2651 probabiliter
623 2567 796 2653 disputata
823 2589 896 2630 esse
918 2564 1134 2630 videbantur.
1180 2564 1301 2630 Altera
1399 2595 1405 2605 ·

128 2694 208 2737 vero
224 2678 320 2758 parte
344 2671 385 2736 de
406 2672 570 2738 librorum
585 2673 795 2760 temporibus
812 2672 1044 2760 disputaturus
1060 2695 1137 2738 eum
1152 2672 1302 2759 vestigia
1416 2731 1420 2736 .

129 2779 250 2845 aetatis
274 2778 383 2844 adhuc
406 2779 569 2866 indagata
593 2781 748 2846 sufficere
777 2803 846 2846 non
874 2780 1089 2866 viderentur,
1125 2780 1168 2845 ad
1202 2803 1301 2866 argu·

129 2893 245 2952 menta
278 2910 319 2951 ex
343 2910 468 2973 genere
493 2888 631 2953 dicendi
653 2888 756 2954 ducta
784 2887 1050 2972 confugiendum
1074 2910 1148 2953 6666
1172 2887 1300 2953 censui.

74 3005 77 3011 '
130 2993 239 3070 Quam
262 2994 354 3058 viam
378 3017 455 3059 cum
478 2996 763 3081 Dittenbergerus
786 2994 1003 3060 laudabiliter
1035 2995 1169 3080 inierit,
1205 2995 1302 3060 illum

130 3101 229 3186 sequi
253 3101 392 3185 eiusque
416 3103 622 3167 sententiam
647 3103 838 3167 examinare
861 3103 950 3167 malo
974 3125 1075 3187 quam
1098 3125 1188 3168 nova
1204 3102 1302 3188 igno·

128 3215 231 3293 taque
266 3215 442 3297 temptare.
491 3209 602 3286 Quare
638 3234 714 3275 oum
748 3210 806 3274 1116
842 3209 884 3274 (16
911 3211 1077 3294 particula
1103 3202 1169 3296 μήν
1204 3210 1302 3276 (16616

130 3321 318 3401 arguteque
339 3316 457 3401 egerit,
480 3316 622 3402 reliquis
643 3340 729 3401 quae
751 3323 831 3382 sunt
852 3318 890 3381 in
905 3317 1147 3404 Xenophontis
1164 3318 1302 3405 scriptis

131 3423 309 3508 particulis
326 3423 485 3508 661166116,
510 3446 664 3490 necnon
685 3425 806 3489 ceteris
827 3425 949 3489 aetatis
968 3424 1173 3490 testimoniis
1196 3431 1303 3489 retra-

133 3530 233 3594 ctatis
257 3536 359 3615 atque
387 3531 551 3617 excussis,
576 3531 699 3618 quibus
723 3531 931 3618 temporibus
956 3532 1083 3617 singuli
1110 3531 1189 3598 libri
1213 3553 1304 3597 com·

131 3635 235 3722 positi
258 3637 448 3734 videantur,
473 3639 680 3704 constituere
704 3638 858 3704 conabor.
892 3639 1064 3704 Confiteor
1087 3644 1209 3723 autem,
1233 3661 1304 3704 non

132 3743 246 3808 omnia
273 3744 383 3810 adhuc
410 3746 460 3810 ita
487 3752 656 3831 constare,
693 3755 732 3811 ut
759 3747 854 3811 nulla
882 3744 1050 3812 dubitatio
1077 3746 1303 3832 relinquatur;

130 3857 247 3915 tamen
270 3851 362 3916 hunc
385 3852 539 3917 libellum
561 3876 631 3919 non
654 3854 755 3938 plane
771 3854 958 3918 immunem
974 3860 1076 3939 atque
1092 3853 1304 3938 asymbolum

132 3957 176 4022 ad
198 3959 309 4043 largas
333 3959 524 4024 litterarum
548 3960 651 4047 dapes
675 3983 888 4026 accessurum
912 3983 984 4025 esse
1008 3983 1116 4046 spere.

242 4065 334 4142 Quae
370 4067 411 4131 ab
448 4066 644 4133 hominibus
681 4067 789 4133 doctis
826 4067 867 4132 de
901 4090 938 4132 16
972 4066 1147 4154 proposita
1176 4067 1305 4153 publici

69 4261 74 4266 -
132 4160 216 4238 iuris
252 4172 343 4239 facta
378 4180 472 4261 sunt,
509 4175 552 4239 iis
586 4181 752 4260 quantum
782 4175 880 4261 potui
912 4172 1069 4240 omnibus
1103 4175 1306 4261 colligendis

134 4303 271 4368 operam
295 4281 384 4347 dedi.
428 4281 539 4348 Tanta
561 4289 676 4348 tamen
698 4282 892 4348 libellorum
915 4282 1307 4368 commentationumque

1096 4389 1111 4443 l
