2932 4874
622 202 840 269 *84-

145 381 546 470 a.378addiu1m‚1ibrum
559 385 671 472 ipsum
684 393 783 450 autea
794 384 986 468 (Nischium
1000 384 1029 449 si
1043 384 1218 470 sequimur
1229 384 1310 450 inter

145 513 174 556 a.
188 492 375 576 383-381,
392 493 421 557 61
433 494 683 576 Naumannum,
701 514 778 557 cum
793 493 941 578 prinnun
955 492 1311 577 XenophonScillunte

145 598 371 664 consedisset·
392 622 420 664 a.
446 599 641 682 387-385)
676 598 839 685 scriptum
874 621 946 663 esse
982 598 1152 664 dixerunt.
1213 598 1310 676 Quam

145 707 351 771 sententiam
374 713 413 771 ut
437 707 665 791 confirmaret,
701 708 922 772 Naumannus
956 728 1062 770 unum
1096 706 1197 771 modo
1222 729 1308 792 argu-

144 819 298 878 mentum
322 815 451 899 attulit,
483 815 541 898 qui
566 813 650 879 dicit
674 836 705 900 p.
731 814 788 878 29:
826 836 955 898 „neque
991 813 1191 900 scriptorem
1225 819 1308 878 tanto

144 921 257 986 studio
282 928 316 985 et
339 944 479 986 assensu
502 922 745 1007 Spartanorum
764 921 871 986 vitam
888 929 1103 1007 persecutum
1119 919 1163 985 ad
1186 921 1307 1006 vitupe-

142 1028 311 1093 rationem
345 1034 416 1093 tam
450 1029 604 1094 acerbam
639 1027 738 1093 facile
773 1034 833 1092 ant
868 1028 1022 1092 celeriter
1056 1027 1213 1093 adactum
1247 1049 1307 1091 esse

143 1135 318 1220 putaveris
343 1143 378 1200 et
401 1136 474 1222 ipse
497 1158 607 1201 mores
632 1142 815 1222 corruptos,
839 1134 1031 1221 imperandi
1048 1134 1215 1220 studium,
1241 1135 1306 1199 libi·

145 1241 260 1306 dinem
277 1243 526 1308 intolerabilem
542 1248 690 1326 accusat3
717 1265 802 1328 quae
825 1264 895 1306 non
917 1242 1034 1328 paucis
1050 1242 1235 1326 mensibus,
1259 1240 1306 1306 sed

144 1370 309 1414 annorum
334 1351 557 1437 complurium
585 1350 696 1436 spatio
731 1357 925 1415 nascuntur.
985 1349 1095 1426 Quare
1130 1349 1199 1414 nisi
1232 1349 1305 1414 forte

146 1478 200 1521 res
225 1457 421 1522 acciderunt
444 1458 617 1543 ingentes,
653 1457 840 1542 mirabiles,
876 1456 919 1521 ad
942 1457 1148 1521 sententiam
1173 1456 1304 1521 certissi-

143 1587 233 1629 mam
246 1564 283 1628 in
296 1565 503 1630 contrarium
516 1565 714 1630 vertendam
727 1564 877 1649 idoneae,
891 1565 1053 1650 temporis
1066 1563 1202 1649 aliquod
1214 1564 1304 1628 inter-

143 1671 272 1736 vallum
295 1672 386 1736 inter
413 1680 590 1758 utramque
613 1672 693 1736 libri
716 1679 847 1758 partem
870 1666 1073 1736 intercedit“
1083 1665 1117 1751 ¹).
1177 1670 1250 1748 Qua
1273 1669 1305 1734 de

144 1800 244 1843 causa
266 1780 324 1845 ille
347 1786 418 1844 tam
441 1778 575 1844 facinus
598 1780 722 1864 ingens
750 1779 966 1844 commissum
1000 1801 1074 1843 esse
1109 1801 1210 1864 quam
1234 1785 1304 1842 tem-

142 1886 234 1971 poris
269 1887 418 1973 spatium
458 1887 692 1951 intercessisse
732 1893 885 1951 statuens
924 1885 1049 1951 librum
1084 1892 1163 1950 aute
1193 1884 1305 1950 Manti-

143 1993 301 2058 nensium
324 1994 443 2059 urbem
467 2018 494 2059 a.
520 1996 585 2060 385
609 1995 646 2059 111
669 1994 763 2059 vicos
788 1993 985 2058 distractam
1009 1993 1187 2078 scripturn,
1219 1996 1307 2079 caput

144 2107 302 2183 quartum
327 2100 495 2166 decimum
519 2125 547 2167 a.
566 2102 632 2170 378
654 2101 809 2166 additum
830 2100 1012 2165 existimat.
1044 2100 1093 2165 At
1108 2099 1307 2186 Xenophon·

143 2211 214 2270 tem
237 2209 375 2273 omnino
400 2209 606 2274 sententiam
622 2217 771 2273 mutasse
788 2230 897 2292 neque
913 2209 1134 2272 Naumannus
1150 2207 1306 2294 probavit,

142 2337 253 2399 neque
276 2316 412 2402 probari
435 2323 558 2402 potest,
583 2316 643 2381 sed
667 2339 752 2400 quae
777 2315 836 2379 diu
859 2315 917 2379 ille
941 2315 1092 2381 obsoleta
1127 2317 1245 2400 sciret,
1277 2335 1307 2378 ea

143 2423 239 2485 velut
263 2444 322 2487 sua
338 2430 448 2488 aetate
465 2424 632 2509 vigerent,
657 2423 823 2505 narravit3
850 2421 903 2487 fac
919 2423 1011 2486 enim
1035 2444 1205 2486 eumcum
1222 2423 1305 2486 Man-

144 2529 237 2593 tinea
273 2529 464 2595 dirueretur
498 2530 709 2595 intellexisse
732 2529 1017 2595 Lacedaemonios
1046 2529 1114 2593 iam
1142 2530 1252 2615 magis
1277 2531 1305 2592 ut

144 2635 351 2722 imperarent
388 2637 539 2722 studere,
574 2661 675 2722 quam
709 2644 747 2702 ut
770 2637 913 2723 imperio
938 2636 1037 2722 digni
1072 2642 1200 2720 essent,
1237 2655 1304 2700 num

143 2749 216 2807 tum
240 2766 372 2828 quoque
396 2745 508 2810 subito
531 2745 731 2831 peregrinos
755 2745 823 2809 iam
846 2767 915 2809 non
939 2744 1095 2830 expulsos
1118 2742 1209 2809 vidit
1226 2743 1303 2824 (Lac.

142 2850 245 2936 Resp.
281 2852 369 2917 XIV
403 2848 437 2935 3)
481 2875 524 2916 an
574 2852 714 2917 divitias
764 2852 845 2916 olim
894 2850 1093 2915 interdictas
1143 2857 1226 2917 tunc
1273 2846 1303 2914 ab

144 2958 299 3022 omnibus
324 2959 492 3045 appetitas
516 2959 610 3040 (ibid.
634 2982 705 3045 par.
722 2959 776 3039 4)1
808 2958 903 3023 Fieri
925 2981 995 3023 non
1011 2957 1133 3044 potuit,
1158 2964 1304 3043 utquam

142 3087 171 3130 a.
189 3065 253 3128 385
278 3064 320 3130 de
343 3065 397 3130 his
420 3067 520 3131 rebus
545 3067 750 3131 sententiam
773 3066 901 3149 habuit,
939 3088 1013 3130 eam
1036 3088 1064 3130 a.
1090 3066 1155 3129 378
1179 3065 1217 3130 111
1238 3085 1304 3130 con·

144 3172 287 3236 trarium
321 3175 494 3256 vertisset3
531 3175 613 3239 talia
649 3174 741 3237 enim
776 3195 845 3237 non
880 3172 997 3237 decem
1031 3173 1087 3236 vel
1122 3171 1310 3257 quindecim

143 3301 310 3344 annorum
345 3281 454 3366 spatio
489 3281 659 3369 irrepunt3
695 3282 810 3365 itaque
836 3280 1032 3366 Xenophon
1068 3302 1145 3344 cum
1172 3280 1252 3344 inde
1274 3275 1307 3343 ab

142 3382 170 3450 a.
189 3387 254 3451 394
286 3388 426 3473 Spartae
449 3398 651 3472 versaretur,
688 3389 770 3452 haec
793 3387 892 3472 vidit,
917 3410 986 3452 nou
1001 3393 1119 3473 postea
1143 3387 1312 3473 comperit·

144 3493 296 3558 Nitschii
320 3516 399 3560 vero
423 3496 548 3581 opinio,
573 3496 632 3581 qui
655 3496 747 3559 inter
770 3517 797 3559 a.
816 3494 880 3559 381
906 3500 940 3558 et
963 3495 1029 3559 378
1052 3494 1321 3580 Xenophontem

144 3600 264 3666 dehis
289 3603 389 3668 rebus
418 3603 623 3667 sententiam
658 3609 807 3667 mutasse
843 3601 1031 3686 existimat,
1067 3601 1170 3665 etiam
1204 3603 1335 3667 minus

141 3708 328 3794 probabilis
353 3716 413 3774 est.
462 3710 572 3787 Quare
608 3715 718 3773 totum
750 3709 904 3773 libellum
941 3709 1030 3773 circa
1064 3732 1093 3773 a.
1119 3709 1193 3794 378,
1229 3714 1346 3775 ceree

142 3815 363 3880 1111616387
388 3818 510 3881 61371
535 3816 760 3902 compositum
795 3838 868 3880 6666
897 3838 1027 3881 censeo
1068 3816 1204 3882 Similia
1237 3817 1347 3884 ver*C

250 4002 277 4071 1)
314 4001 426 4055 Similia
451 4000 612 4071 disputavit
635 4000 776 4054 Wulffius
799 4001 941 4068 (Quaestt.
965 4001 995 4054 in
1015 4001 1089 4055 Xen.
1113 3999 1149 4055 de
1171 3999 1347 4072 16111166

141 4091 189 4146 lib.
210 4091 370 4147 institutae.
390 4091 547 4145 Monaster.
569 4091 658 4159 1884),
679 4091 728 4161 qui
741 4090 837 4161 ipsum
849 4090 956 4144 librum
969 4090 1090 4160 639615
1109 4089 1139 4144 in
1152 4090 1223 4145 Asia
1242 4091 1347 4162 apud

141 4181 311 4253 Agesilaum
331 4180 523 4252 compositum
543 4186 639 4234 censet
658 4178 696 4251 (p.
711 4181 746 4233 50
765 4184 845 4250 sqq.),
865 4198 888 4234 c.
907 4181 979 4234 XIV
1004 4179 1163 4251 posteriore
1188 4185 1304 4252 tempor
1317 4189 1347 4213 ‘

141 4270 289 4342 scriptum,
304 4289 369 4324 cum
383 4271 547 4341 Xenophon
567 4269 744 4341 experientia
757 4269 876 4324 edoctus
889 4287 982 4323 mores
996 4269 1204 4341 Spartanorum
1217 4269 1347 4341 depruf

141 4368 225 4415 vatos
239 4360 422 4431 cognovisset
441 4362 479 4430 (p.
500 4361 535 4413 54
553 4359 632 4430 61111.)
726 4344 730 4349 ’
