2932 4874
631 174 827 237 .-2-

115 388 121 396 ·
141 370 201 436 per
224 349 363 415 annales
387 351 688 436 ephemeridesque
713 351 941 438 dispersarum
966 341 1146 439 copia'est,
1170 359 1209 418 ut
1225 354 1325 419 nihil

141 458 417 543 praetermissum
446 481 518 522 esse
547 459 752 523 contendere
781 481 851 524 uon
879 460 999 524 ausim.
1045 461 1166 545 ltaque
1201 462 1325 546 siquid

141 565 337 650 neglectum
355 573 416 649 est,
442 565 532 650 quod
548 565 591 629 ad
606 589 678 630 rem
695 566 865 652 pertinere
881 565 1047 651 videatur,
1073 575 1111 632 ut
1127 568 1324 653 legentium

142 672 279 737 veniam
303 672 482 758 impetrem
507 694 573 737 ore.

248 780 370 843 Finem
396 801 477 844 vero
500 778 680 865 praefandi
703 779 813 844 facere
836 803 906 845 non
933 802 1079 867 possum,
1104 782 1188 867 quin
1207 784 1323 848 Fran-

143 887 232 952 cisco
255 886 368 951 Ruehl
392 887 435 951 V.
459 887 500 951 D.
526 887 654 972 gratias
683 910 783 973 agam
812 910 913 973 quam
942 888 1120 972 maximas,
1158 890 1217 974 qui
1246 913 1324 956 non

141 993 240 1059 modo
257 993 370 1058 animo
390 993 627 1058 lubentissime
649 994 772 1058 studiis
795 994 880 1065 meis
904 994 1000 1079 fovit,
1027 995 1086 1060 sed
1111 996 1213 1061 etiam
1230 1018 1324 1082 quae

142 1101 210 1187 ipsi
233 1100 344 1166 obiter
366 1100 427 1165 has
452 1101 665 1186 quaestiones
688 1101 844 1185 tangenti
866 1124 939 1166 sese
961 1103 1161 1186 obtulerant,
1187 1126 1324 1169 summa

142 1207 346 1273 liberalitate
370 1230 501 1272 mecum
526 1209 799 1274 communicavit.

385 1721 407 1813 ς
432 1725 451 1792 Ι.
499 1725 541 1793 ne
565 1724 782 1810 xenophontis
807 1725 895 1792 vitae
919 1723 1074 1795 fontibus.

251 1852 345 1929 Quae
366 1851 407 1916 de
427 1851 668 1937 Xenophontis
688 1851 761 1916 vita
782 1851 920 1937 cognita
935 1851 1106 1936 habemus
1130 1876 1177 1937 ea,
1202 1854 1232 1918 si
1246 1876 1319 1919 non

146 1959 309 2044 exipsius
325 1959 566 2046 Xenophontis
584 1959 720 2044 scriptis
737 1982 774 2024 ao
787 1959 967 2044 praecipue
986 1982 1026 2023 ex
1053 1961 1205 2026 Anabasi
1221 1984 1320 2046 repe·

145 2074 273 2152 tuntur,
306 2066 419 2131 omnia
445 2065 515 2130 fere
548 2089 590 2130 ex
620 2066 774 2151 Diogene
801 2067 939 2130 Laertio
969 2075 1203 2152 manaverunt,
1231 2091 1319 2153 cum,

147 2197 231 2260 quae
254 2182 429 2261 praeterea
445 2196 464 2237 a
481 2173 657 2257 Strabone,
680 2173 859 2257 Pausania,
885 2173 1132 2239 Macrobiorum
1156 2175 1322 2261 scriptore

146 2281 357 2365 adferantur,
399 2303 437 2345 ca
476 2286 535 2344 aut
573 2281 740 2346 levissimi
778 2281 944 2346 momenti
983 2288 1042 2346 aut
1080 2283 1217 2347 omnino
1253 2281 1322 2348 fide

146 2389 289 2473 indigna
324 2388 402 2453 sint.
464 2388 584 2472 Itaque
619 2388 709 2452 unde
744 2388 865 2454 h'austa
900 2389 984 2472 sint,
1027 2411 1112 2473 quae
1145 2390 1323 2474 Diogenes

145 2520 227 2562 vera
254 2496 363 2579 falsis,
400 2494 548 2559 maxima
581 2495 733 2559 minimis
768 2496 950 2560 commixta
984 2495 1134 2579 exhibet,
1170 2496 1323 2561 breviter

43 2636 48 2646 ·
148 2602 400 2689 respiciendum
443 2603 517 2667 erit.
587 2601 702 2686 Atque
745 2603 917 2688 spinosam
960 2603 1055 2666 illam
1095 2603 1322 2687 diffusamque
1352 2626 1356 2634 ·

149 2698 395 2795 quaestionem,
434 2732 518 2793 quae
548 2716 600 2773 est
624 2708 665 2773 de
689 2709 732 2773 iis
756 2709 867 2794 libris,
906 2732 988 2793 quos
1016 2710 1232 2795 potissimum
1261 2711 1321 2776 ille

150 2818 365 2903 excerpserit,
390 2811 1047 2900 (1111110111111111111111111111111101),
1077 2840 1154 2881 cum
1184 2840 1249 2901 quo
1280 2839 1323 2882 ex

149 2924 243 2989 fonte
267 2924 507 3010 Xenophontis
530 2924 616 3007 vita,
654 2946 754 3008 quam
782 2925 840 2988 ille
874 2924 910 2987 Π
939 2925 1112 3008 61111111,
1154 2925 1323 3009 originem
1410 2954 1415 2959 ‚

149 3032 258 3115 ducat,
284 3033 352 3096 iam
375 3055 444 3095 non
465 3032 678 3116 ignoremus..
705 3031 791 3094 Cum
813 3031 904 3094 enim
925 3031 1090 3096 Dinarchi
1111 3021 1322 3092 o'crcooroor'oo
1377 3039 1380 3043 '

148 3131 270 3222 (loyor)
294 3131 380 3221 πρὸς
405 3135 599 3221 Ξειόφῶνια
622 3137 795 3221 Diogenes
819 3137 934 3203 laudet
958 3136 1006 3221 (ΙΙ
1035 3139 1099 3223 52),
1125 3163 1225 3225 quam
1248 3162 1322 3204 ora-

148 3247 278 3311 tionem
308 3246 496 3330 Dionysius
527 3267 659 3328 quoque
687 3245 999 3310 Halicarnassensis
1024 3247 1210 3331 intellegit,
1240 3269 1318 3310 cum

148 3353 359 3418 Dinarchum
380 3342 607 3412 Ἀποσιασίου
631 3341 817 3432 ἀπολογίαν
833 3344 991 3434 Αἰσχύλῳ
1016 3345 1101 3435 πρὸς
1125 3350 1322 3437 Ξενοφῶντα

149 3461 375 3546 composuisse
400 3459 490 3524 dicat
514 3455 570 3541 (de
586 3459 746 3523 Diuaroh.
766 3482 792 3523 c.
813 3459 875 3544 12),
898 3461 1036 3545 egregie
1054 3460 1193 3525 Grotius
1216 3458 1321 3543 (Hist.

148 3567 187 3632 of
207 3569 265 3632 Gr.
290 3569 345 3631 IX
369 3567 444 3651 246,
468 3590 501 3631 n.
527 3566 559 3645 2)
587 3567 650 3631 hac
679 3567 895 3631 exoratione
925 3575 1042 3632 contra
1070 3574 1229 3653 nepotem
1253 3568 1320 3631 for-

148 3683 237 3740 tasse
261 3673 501 3761 Xenophontis
527 3673 654 3758 scripta
676 3673 784 3737 multa
807 3673 946 3738 fluxisse
976 3674 1135 3759 coniecit,
1173 3698 1257 3759 quae
1286 3675 1323 3738 in

119 3835 121 3841 .
147 3783 301 3866 Diogene
325 3783 496 3866 leguntur.
529 3781 638 3858 Quam
655 3780 768 3845 Grotii
790 3781 1019 3846 coniecturam
1035 3781 1321 3848 Wilamowitzius

256 3996 282 4061 1)
320 3994 371 4048 cfr.
391 3993 544 4047 Nietzsche
561 3993 634 4047 Mus.
661 3993 716 4049 Rh.
742 3993 849 4047 XXllI
874 3995 927 4048 632
953 4011 1023 4065 sqq,
1049 3994 1150 4049 XXIV
1179 3995 1228 4047 181
1252 4011 1322 4063 sqq.‚

148 4084 235 4138 XXV
254 4084 319 4153 2175
339 4083 372 4136 E.
392 4083 497 4154 Maass,
525 4084 569 4137 De
594 4082 762 4155 biographis
786 4101 879 4155 graec.
906 4089 1014 4154 quaest.
1039 4083 1133 4138 select.
1163 4082 1214 4135 cfr.
1233 4082 1323 4136 Wila-

149 4174 275 4242 mowitz,
296 4174 348 4245 Ep.
368 4174 404 4227 ad
417 4173 576 4228 Maassium
595 4173 756 4243 (Kiessling
770 4177 798 4226 et
811 4171 1008 4227 Wilamowitz
1027 4170 1132 4224 Philol.
1147 4170 1321 4225 Untersuch.

147 4262 228 4316 ΠΙ1
253 4268 281 4316 et
307 4263 392 4332 148.);
421 4263 627 4332 WilamowitZ,
655 4261 818 4331 Antigones
843 4279 901 4316 von
924 4262 1069 4330 Karystos
1088 4279 1115 4331 p.
1135 4261 1204 4330 3305
1234 4261 1321 4330 Diels,

147 4351 336 4425 Doxographi
356 4351 458 4406 Graeci
477 4371 504 4422 p.
526 4353 575 4404 161
596 4369 656 4422 sqq.
