2932 4874
619 193 838 260 ,24-Ἰ

141 393 210 436 non
234 371 346 436 minus
377 394 477 457 quam
505 372 590 437 aliae
619 371 777 455 fecerint,
813 395 882 437 non
913 372 1055 439 dubium
1088 380 1148 439 est.
1195 375 1323 460 Itaque

141 476 232 543 unde
266 485 347 544 nata
380 479 497 563 fuerit,
533 502 654 566 parum
688 486 830 544 constat.
840 475 864 559 1)
901 515 942 526 —
981 482 1036 545 Ex
1063 503 1103 545 ee
1127 505 1207 548 vcro
1232 483 1322 549 duos

141 586 365 672 Xenophonti
389 586 494 651 fuisse
518 586 607 651 filios
623 587 795 672 Diogenes
819 594 965 652 testatur
988 589 1036 668 (II
1059 590 1127 670 52);
1164 612 1250 674 quos
1277 591 1321 655 ab

142 692 249 778 ipsius
272 693 470 779 parentibus
492 693 650 779 Gryllum
674 700 708 758 et
731 693 919 759 Diodorum
942 696 1105 781 apellavit
1128 693 1203 780 (cfr.
1218 720 1252 783 p.
1273 696 1320 781 6).

143 800 292 877 Quorum
316 809 392 866 uter
416 800 522 865 maior
545 807 628 866 natu
652 798 766 886 luerit,
791 802 955 866 traditum
978 825 1048 868 non
1072 811 1137 886 est,
1166 805 1323 890 priorem

142 907 300 992 Gryllum
313 909 486 994 Diogenes
502 909 667 993 nominat,
684 931 793 993 neque
806 909 880 973 veri
893 909 1059 974 dissimile
1072 917 1132 994 est,
1153 911 1323 976 maiorem

143 1021 229 1081 natu
257 1015 298 1080 ab
328 1038 392 1081 avo
427 1038 552 1081 nomen
580 1016 765 1102 accepisse;
802 1023 916 1081 tamen
951 1039 1027 1082 cum
1062 1018 1238 1084 Dioscuris
1277 1019 1323 1084 iis

142 1144 332 1208 cognomen
356 1123 472 1188 datum
497 1124 551 1207 sit,
576 1145 646 1187 non
670 1123 834 1188 absonum
859 1131 911 1188 est
934 1125 1097 1210 conicere,
1127 1126 1199 1209 hoo,
1226 1127 1324 1212 quod

142 1229 264 1294 fratres
287 1231 417 1314 gemini
441 1237 564 1315 essent,
589 1230 720 1296 factum
743 1254 826 1296 esse.
851 1266 895 1276 —
918 1230 1078 1296 Aetatem
1099 1239 1212 1298 autem
1228 1233 1323 1300 filio-

142 1359 217 1402 rum
242 1338 449 1403 constituere
472 1361 659 1424 possumus,
699 1338 854 1402 Primum
878 1339 969 1403 enim
993 1363 1021 1404 a.
1047 1340 1112 1404 399
1136 1340 1203 1405 sibi
1226 1340 1323 1406 filios

141 1442 294 1510 nondum
324 1444 429 1510 fuisse
452 1446 648 1531 Xenophon
680 1451 826 1510 testatur
859 1444 968 1510 Anah.
994 1447 1063 1511 VH
1086 1448 1116 1530 6,
1142 1448 1201 1532 343
1239 1472 1323 1514 cum

142 1574 223 1618 vero
252 1553 453 1618 Scilluntem
483 1553 660 1639 migraret,
696 1576 772 1617 eum
807 1575 946 1618 uxorem
977 1577 1052 1618 cum
1080 1554 1168 1619 filios
1199 1578 1323 1622 secum

143 1658 279 1725 duxisse
307 1660 479 1746 Diogenes
508 1667 640 1742 narrat;
676 1660 791 1744 ltaque
819 1660 908 1724 filios
932 1662 1024 1726 inter
1047 1685 1075 1726 a.
1101 1663 1166 1726 399
1191 1669 1225 1727 et
1250 1664 1321 1730 387

142 1773 240 1832 natos
268 1789 341 1832 esse
370 1774 519 1855 apparet.
568 1768 635 1834 Sed
664 1790 705 1832 ex
727 1767 880 1832 Anabasi
904 1775 938 1832 et
961 1770 1142 1834 Plutarcho
1171 1771 1323 1838 certiora

143 1874 246 1939 etiam
262 1870 365 1940 ⁸effici
392 1882 544 1961 possunt.
601 1874 723 1940 Refert
758 1876 849 1939 enim
877 1876 1086 1962 Xenophon,
1123 1899 1158 1941 se
1193 1881 1323 1945 sacello

141 1981 273 2046 Dianae
309 1982 485 2048 aedificato
521 1980 571 2067 (id
599 1982 689 2067 quod
719 1989 797 2069 post
821 2007 848 2048 a.
875 1983 941 2048 384
969 1983 1096 2048 factum
1125 2007 1197 2049 esse
1225 1985 1325 2052 infra

142 2085 373 2175 probabimus)
397 2089 646 2155 anniversarios
670 2089 743 2154 dies
764 2089 868 2155 festos
885 2113 962 2155 cum
977 2090 1102 2156 vicinis
1119 2092 1322 2180 celebrasse,

142 2196 399 2283 hospitibusque
424 2198 493 2262 suis
518 2203 552 2262 et
578 2203 688 2262 terrae
712 2196 828 2283 fruges
850 2205 884 2262 et
904 2199 1024 2263 vinum
1048 2205 1082 2264 et
1098 2200 1324 2267 venationem

144 2304 351 2392 apposuisse,
397 2328 474 2370 cum
512 2305 620 2391 ipsius
658 2305 723 2369 filii
761 2328 838 2370 curn
876 2305 1072 2390 aequalibus
1109 2314 1325 2374 venarentur

143 2411 264 2494 (Anab.
289 2413 321 2478 V
345 2413 376 2496 3,
407 2413 460 2477 10:
497 2404 641 2495 καὶγὰρ
672 2402 781 2495 θήραν
820 2406 995 2472 ἐποιοῦντο
1035 2405 1082 2486 εἰς
1120 2406 1178 2498 τὴν
1201 2405 1324 2502 ἑορτὴν

144 2516 179 2581 οἵ
210 2539 246 2579 τε
278 2514 488 2603 Ξενοφῶντος
526 2515 646 2592 παῖδες
687 2512 744 2579 καὶ
785 2510 815 2579 oi
850 2519 914 2578 τῶν
951 2508 1058 2579 ἄλλων
1095 2516 1253 2597 πολιτῶν,
1288 2515 1322 2584 οἱ

144 2620 180 2687 δὲ
211 2615 405 2706 βουλόμενοι
437 2619 498 2711 [uui
534 2614 646 2709 ἄνδρες
678 2616 878 2710 οονεθήρονν·
915 2619 971 2686 καὶ
999 2616 1150 2711 ἡλίσκετο
1185 2620 1226 2688 τὰ
1258 2625 1325 2708 μὲν

145 2728 181 2809 ἐξ
203 2723 305 2795 αὐτοῦ
328 2734 386 2795 τοῦ
411 2725 499 2818 ἱεροῦ
513 2725 628 2817 χώρου,
653 2725 694 2794 cd
719 2727 755 2793 δὲ
778 2726 835 2793 καὶ
858 2727 895 2794 ἐν.
917 2733 975 2818 τῆς
1001 2726 1139 2819 Φολόης,
1164 2726 1237 2809 ονές
1260 2733 1325 2799 καὶ

144 2833 300 2925 δορκάδες
329 2835 385 2903 καὶ
414 2832 556 2925 ἔλαφοι).
602 2842 722 2927 ltaque
751 2841 898 2906 filiorum
926 2847 1107 2927 utrumque
1135 2843 1202 2907 iam
1226 2850 1324 2911 com'-

143 2950 297 3036 pluribus
325 2949 425 3015 annis
453 2956 634 3035 antequam
663 2949 829 3014 Scillunte
856 2950 1053 3035 Xenophon
1081 2950 1323 3039 expelleretur,

143 3114 224 3181 put0,
250 3127 316 3163 cum
343 3109 415 3163 haec
438 3107 552 3179 rogatio
578 3113 606 3161 et
633 3125 698 3161 cum
727 3106 883 3161 Clisthenis
901 3106 1074 3178 reipublicae
1098 3108 1323 3166 constituendae

144 3199 305 3254 rationibus
329 3203 474 3270 pugnaret
497 3202 526 3251 et
550 3202 617 3250 ante
640 3196 761 3250 Periclis
784 3202 915 3267 tempora
940 3214 1026 3250 causa
1048 3197 1129 3250 nulla
1153 3203 1236 3268 esset,
1266 3217 1324 3255 cur

144 3288 248 3344 civitas
266 3287 366 3342 Attica
385 3292 581 3359 appeteretur3
609 3292 672 3340 tum
696 3304 765 3341 vero
790 3305 855 3339 cum
874 3285 1001 3340 colonias
1020 3285 1143 3356 mittere,
1172 3287 1324 3357 stipendia

143 3378 286 3434 iudicibus
298 3379 460 3450 populoque
480 3375 659 3431 contionario
679 3377 790 3431 solvere
804 3380 937 3446 coeptum
951 3379 1003 3444 est,
1023 3376 1227 3447 frumentaque
1240 3377 1323 3449 plebi

144 3470 219 3523 dono
233 3469 301 3523 data
315 3473 392 3536 sunt,
411 3467 442 3521 in
455 3466 604 3522 civitatem
618 3464 742 3538 irrepere
756 3470 890 3536 coeptum
903 3482 964 3518 esse
977 3464 1100 3519 videtur.
1130 3465 1323 3524 Occasionem

146 3559 227 3630 legis,
248 3577 335 3630 quam
354 3575 413 3612 non
432 3575 449 3611 a
467 3555 578 3611 Pericle
595 3556 689 3628 primo
703 3556 794 3609 latam
807 3572 868 3610 esse
881 3559 974 3626 putat,
994 3555 1177 3609 renovandae
1190 3555 1323 3612 colonias

144 3666 169 3705 a.
180 3649 233 3703 446
244 3648 276 3702 in
285 3648 433 3702 Euboeam
443 3645 547 3701 missas
556 3646 646 3701 fuisse
655 3643 885 3717 probabilissima
897 3643 1209 3715 Mueller-Struebingii
1223 3647 1322 3702 conie-

145 3744 228 3793 ctura
247 3742 291 3792 est
311 3736 467 3806 (Aristoph.
488 3742 541 3791 etc.
560 3756 587 3808 p.
608 3734 663 3806 87.)
684 3766 715 3773 -
735 3735 907 3788 Duncherus
931 3751 1023 3805 nuper
1050 3733 1171 3789 Periclis
1199 3735 1322 3791 omnino

145 3829 241 3899 legem
254 3825 343 3881 fuisse
355 3825 483 3896 negavit,
494 3826 544 3896 qui
556 3844 619 3880 eam
632 3843 691 3879 non
701 3829 802 3879 contra
815 3817 916 3881 νόθους
928 3823 978 3877 sed
991 3830 1091 3877 contra
1101 3817 1323 3894 παρεγγράφους

147 3936 165 3972 a
183 3915 351 3987 Thucydide
373 3914 508 3970 Melesiae
533 3914 593 3969 filio
617 3916 707 3968 latam
732 3931 793 3968 esse
822 3913 933 3967 censuit
960 3911 1166 3983 (Sitzungsber.
1190 3913 1215 3966 d.
1240 3913 1321 3970 Berl.

143 4006 232 4063 Acad.
252 4005 330 4059 1883.
349 4024 375 4075 p.
397 4005 467 4070 935).
1199 4022 1202 4027 ·

253 4095 280 4162 1)
317 4094 437 4149 Silentio
455 4093 696 4166 praetereundum
714 4112 773 4147 non
796 4097 848 4162 est,
877 4092 954 4163 quod
977 4090 1321 4162 G.Sarrppi11sexhibet,

145 4185 195 4256 qui
220 4185 250 4238 in
275 4183 448 4239 bibliotheca
470 4183 661 4238 Escorialensi
688 4183 792 4236 librum
815 4180 1044 4251 manuscriptum
1067 4198 1089 4234 s
1109 4180 1185 4233 XIII
1203 4187 1321 4238 exstare

147 4274 217 4329 dicit
236 4273 420 4346 inscriptum:
441 4273 543 4343 „Vitae
561 4272 765 4344 Xenophontis
785 4272 882 4325 uxoris
902 4276 930 4325 et
949 4269 1092 4324 filiorum“
1114 4299 1145 4306 -
1167 4268 1216 4339 qui
1245 4288 1321 4340 quae

146 4362 294 4419 contineat
313 4361 418 4417 nescio.
457 4361 519 4433 (cfr.
540 4363 573 4417 G.
594 4362 707 4432 Sauppe
726 4361 768 4415 ed.
789 4367 858 4415 tom.
878 4360 893 4413 I
912 4359 1001 4431 praef.
1022 4377 1048 4429 p.
1068 4357 1158 4425 ΧΠ).
