<?xml version="1.0" encoding="UTF-8"?>
<!DOCTYPE html PUBLIC "-//W3C//DTD XHTML 1.0 Transitional//EN"
    "http://www.w3.org/TR/xhtml1/DTD/xhtml1-transitional.dtd">
<html xmlns="http://www.w3.org/1999/xhtml" xml:lang="en" lang="en">
 <head>
  <title>
</title>
<meta http-equiv="Content-Type" content="text/html;charset=utf-8" />
  <meta name='ocr-system' content='tesseract 3.04.00' />
  <meta name='ocr-capabilities' content='ocr_page ocr_carea ocr_par ocr_line ocrx_word'/>
</head>
<body>
  <div class='ocr_page' id='page_1' title='image "./dexenophontisvi00roqugoog_0075.png"; bbox 0 0 2932 4874; ppageno 0'>
   <div class='ocr_carea' id='block_1_1' title="bbox 620 222 838 335">
    <p class='ocr_par' dir='ltr' id='par_1_1' title="bbox 620 222 838 335">
     <span class='ocr_line' id='line_1_1' title="bbox 620 222 838 335; baseline 0 -48"><span class='ocrx_word' id='word_1_1' title='bbox 620 222 838 335; x_wconf 79' lang='grc' dir='ltr'>--62--Ι</span> 
     </span>
    </p>
   </div>
   <div class='ocr_carea' id='block_1_2' title="bbox 139 398 1317 1986">
    <p class='ocr_par' dir='ltr' id='par_1_2' title="bbox 139 398 1317 1986">
     <span class='ocr_line' id='line_1_2' title="bbox 143 398 1315 487; baseline -0.001 -22"><span class='ocrx_word' id='word_1_2' title='bbox 143 399 279 487; x_wconf 76' lang='lat' dir='ltr'>Ephoro</span> <span class='ocrx_word' id='word_1_3' title='bbox 303 424 383 466; x_wconf 87' lang='grc'>00110</span> <span class='ocrx_word' id='word_1_4' title='bbox 408 409 474 484; x_wconf 89' lang='grc'>001,</span> <span class='ocrx_word' id='word_1_5' title='bbox 500 401 558 485; x_wconf 88' lang='lat' dir='ltr'>qui</span> <span class='ocrx_word' id='word_1_6' title='bbox 583 401 619 464; x_wconf 90' lang='lat' dir='ltr'>in</span> <span class='ocrx_word' id='word_1_7' title='bbox 644 402 727 485; x_wconf 76' lang='lat' dir='ltr'>Gyri</span> <span class='ocrx_word' id='word_1_8' title='bbox 752 400 946 486; x_wconf 74' lang='grc' dir='ltr'>0110111110ηο</span> <span class='ocrx_word' id='word_1_9' title='bbox 971 422 1102 484; x_wconf 87' lang='lat' dir='ltr'>quoque</span> <span class='ocrx_word' id='word_1_10' title='bbox 1127 398 1315 464; x_wconf 88' lang='lat' dir='ltr'>enarranda</span> 
     </span>
     <span class='ocr_line' id='line_1_3' title="bbox 143 506 1316 601; baseline -0.002 -28"><span class='ocrx_word' id='word_1_11' title='bbox 143 508 394 594; x_wconf 83' lang='lat' dir='ltr'>Sophaenetmn</span> <span class='ocrx_word' id='word_1_12' title='bbox 427 508 595 592; x_wconf 87' lang='lat' dir='ltr'>sequitur,</span> <span class='ocrx_word' id='word_1_13' title='bbox 624 530 693 571; x_wconf 89' lang='lat' dir='ltr'>non</span> <span class='ocrx_word' id='word_1_14' title='bbox 718 507 990 601; x_wconf 80' lang='lat' dir='ltr'>Xenophontem.</span> <span class='ocrx_word' id='word_1_15' title='bbox 1037 508 1158 591; x_wconf 89' lang='lat' dir='ltr'>Itaque</span> <span class='ocrx_word' id='word_1_16' title='bbox 1180 506 1316 571; x_wconf 91' lang='lat' dir='ltr'>illorum</span> 
     </span>
     <span class='ocr_line' id='line_1_4' title="bbox 144 613 1315 699; baseline 0.001 -21"><span class='ocrx_word' id='word_1_17' title='bbox 144 616 314 680; x_wconf 87' lang='lat' dir='ltr'>sententia</span> <span class='ocrx_word' id='word_1_18' title='bbox 331 639 349 679; x_wconf 87' lang='lat' dir='ltr'>a</span> <span class='ocrx_word' id='word_1_19' title='bbox 365 614 719 679; x_wconf 78' lang='lat' dir='ltr'>Buecllsenschuetaio</span> <span class='ocrx_word' id='word_1_20' title='bbox 736 615 866 693; x_wconf 77' lang='lat' dir='ltr'>(Jahrb.</span> <span class='ocrx_word' id='word_1_21' title='bbox 884 613 907 679; x_wconf 88' lang='lat' dir='ltr'>f.</span> <span class='ocrx_word' id='word_1_22' title='bbox 921 614 1044 678; x_wconf 90' lang='lat' dir='ltr'>Philol.</span> <span class='ocrx_word' id='word_1_23' title='bbox 1062 620 1086 678; x_wconf 88' lang='lat' dir='ltr'>t.</span> <span class='ocrx_word' id='word_1_24' title='bbox 1103 614 1166 677; x_wconf 88' lang='lat'>103</span> <span class='ocrx_word' id='word_1_25' title='bbox 1181 636 1215 699; x_wconf 90' lang='lat' dir='ltr'>p.</span> <span class='ocrx_word' id='word_1_26' title='bbox 1230 614 1315 695; x_wconf 81' lang='grc'>217),</span> 
     </span>
     <span class='ocr_line' id='line_1_5' title="bbox 139 720 1316 805; baseline -0.002 -19"><span class='ocrx_word' id='word_1_27' title='bbox 139 722 402 787; x_wconf 89' lang='lat' dir='ltr'>Breitenbachio</span> <span class='ocrx_word' id='word_1_28' title='bbox 440 723 540 803; x_wconf 81' lang='lat' dir='ltr'>(Mus.</span> <span class='ocrx_word' id='word_1_29' title='bbox 578 722 643 786; x_wconf 87' lang='lat' dir='ltr'>Rh.</span> <span class='ocrx_word' id='word_1_30' title='bbox 680 723 814 788; x_wconf 83' lang='lat' dir='ltr'>XXVII</span> <span class='ocrx_word' id='word_1_31' title='bbox 848 722 941 805; x_wconf 83' lang='grc'>497),</span> <span class='ocrx_word' id='word_1_32' title='bbox 984 720 1219 787; x_wconf 90' lang='lat' dir='ltr'>Vollbrechtio</span> <span class='ocrx_word' id='word_1_33' title='bbox 1254 721 1316 800; x_wconf 93' lang='lat' dir='ltr'>(De</span> 
     </span>
     <span class='ocr_line' id='line_1_6' title="bbox 141 827 1315 916; baseline -0.002 -23"><span class='ocrx_word' id='word_1_34' title='bbox 141 829 383 916; x_wconf 74' lang='lat' dir='ltr'>Xenophontis</span> <span class='ocrx_word' id='word_1_35' title='bbox 407 828 596 893; x_wconf 89' lang='lat' dir='ltr'>Helleniois</span> <span class='ocrx_word' id='word_1_36' title='bbox 631 829 668 893; x_wconf 89' lang='lat' dir='ltr'>in</span> <span class='ocrx_word' id='word_1_37' title='bbox 697 829 869 915; x_wconf 78' lang='lat' dir='ltr'>epitomen</span> <span class='ocrx_word' id='word_1_38' title='bbox 892 851 962 892; x_wconf 90' lang='lat' dir='ltr'>non</span> <span class='ocrx_word' id='word_1_39' title='bbox 985 828 1120 892; x_wconf 88' lang='lat' dir='ltr'>coactis.</span> <span class='ocrx_word' id='word_1_40' title='bbox 1157 827 1315 892; x_wconf 89' lang='lat' dir='ltr'>Hannov.</span> 
     </span>
     <span class='ocr_line' id='line_1_7' title="bbox 145 933 1317 1022; baseline -0.002 -21"><span class='ocrx_word' id='word_1_41' title='bbox 145 936 242 1014; x_wconf 85' lang='grc'>1874)</span> <span class='ocrx_word' id='word_1_42' title='bbox 266 943 358 1001; x_wconf 88' lang='grc'>10010</span> <span class='ocrx_word' id='word_1_43' title='bbox 382 935 571 1022; x_wconf 89' lang='lat' dir='ltr'>improbata</span> <span class='ocrx_word' id='word_1_44' title='bbox 595 944 696 1020; x_wconf 86' lang='lat' dir='ltr'>atque</span> <span class='ocrx_word' id='word_1_45' title='bbox 725 936 807 1000; x_wconf 87' lang='lat' dir='ltr'>satis</span> <span class='ocrx_word' id='word_1_46' title='bbox 835 935 982 1000; x_wconf 87' lang='lat' dir='ltr'>refutata</span> <span class='ocrx_word' id='word_1_47' title='bbox 1010 940 1070 999; x_wconf 91' lang='grc'>001.</span> <span class='ocrx_word' id='word_1_48' title='bbox 1130 933 1197 1010; x_wconf 82' lang='lat' dir='ltr'>Qui</span> <span class='ocrx_word' id='word_1_49' title='bbox 1233 956 1317 1019; x_wconf 90' lang='lat' dir='ltr'>quae</span> 
     </span>
     <span class='ocr_line' id='line_1_8' title="bbox 142 1042 1316 1128; baseline -0.003 -20"><span class='ocrx_word' id='word_1_50' title='bbox 142 1043 385 1128; x_wconf 77' lang='lat' dir='ltr'>disseruerunt,</span> <span class='ocrx_word' id='word_1_51' title='bbox 421 1043 463 1106; x_wconf 91' lang='lat' dir='ltr'>iis</span> <span class='ocrx_word' id='word_1_52' title='bbox 499 1042 691 1107; x_wconf 82' lang='lat' dir='ltr'>addendum</span> <span class='ocrx_word' id='word_1_53' title='bbox 728 1050 793 1126; x_wconf 89' lang='lat' dir='ltr'>est,</span> <span class='ocrx_word' id='word_1_54' title='bbox 830 1042 919 1127; x_wconf 84' lang='lat' dir='ltr'>quod</span> <span class='ocrx_word' id='word_1_55' title='bbox 954 1065 1013 1107; x_wconf 90' lang='lat' dir='ltr'>cur</span> <span class='ocrx_word' id='word_1_56' title='bbox 1047 1042 1176 1128; x_wconf 84' lang='lat' dir='ltr'>primae</span> <span class='ocrx_word' id='word_1_57' title='bbox 1211 1042 1316 1128; x_wconf 88' lang='lat' dir='ltr'>partis</span> 
     </span>
     <span class='ocr_line' id='line_1_9' title="bbox 142 1148 1315 1235; baseline -0.003 -20"><span class='ocrx_word' id='word_1_58' title='bbox 142 1150 323 1215; x_wconf 89' lang='lat' dir='ltr'>eonsilium</span> <span class='ocrx_word' id='word_1_59' title='bbox 347 1173 385 1215; x_wconf 88' lang='lat' dir='ltr'>ao</span> <span class='ocrx_word' id='word_1_60' title='bbox 403 1150 494 1214; x_wconf 82' lang='lat' dir='ltr'>&#39;ratio</span> <span class='ocrx_word' id='word_1_61' title='bbox 519 1172 588 1214; x_wconf 92' lang='lat' dir='ltr'>non</span> <span class='ocrx_word' id='word_1_62' title='bbox 611 1151 725 1214; x_wconf 86' lang='lat' dir='ltr'>minus</span> <span class='ocrx_word' id='word_1_63' title='bbox 749 1173 849 1235; x_wconf 89' lang='lat' dir='ltr'>quam</span> <span class='ocrx_word' id='word_1_64' title='bbox 865 1172 973 1235; x_wconf 89' lang='lat' dir='ltr'>genus</span> <span class='ocrx_word' id='word_1_65' title='bbox 998 1148 1135 1213; x_wconf 83' lang='lat' dir='ltr'>dicendi</span> <span class='ocrx_word' id='word_1_66' title='bbox 1159 1149 1315 1233; x_wconf 70' lang='grc'>0100111-</span> 
     </span>
     <span class='ocr_line' id='line_1_10' title="bbox 143 1255 1316 1344; baseline 0.002 -24"><span class='ocrx_word' id='word_1_67' title='bbox 143 1258 293 1322; x_wconf 89' lang='lat' dir='ltr'>cularum</span> <span class='ocrx_word' id='word_1_68' title='bbox 316 1257 533 1344; x_wconf 87' lang='lat' dir='ltr'>potissimum</span> <span class='ocrx_word' id='word_1_69' title='bbox 568 1280 649 1320; x_wconf 89' lang='lat' dir='ltr'>usus</span> <span class='ocrx_word' id='word_1_70' title='bbox 685 1280 704 1321; x_wconf 93' lang='lat' dir='ltr'>a</span> <span class='ocrx_word' id='word_1_71' title='bbox 739 1258 860 1321; x_wconf 80' lang='lat' dir='ltr'>ceteris</span> <span class='ocrx_word' id='word_1_72' title='bbox 896 1256 993 1320; x_wconf 89' lang='lat' dir='ltr'>libris</span> <span class='ocrx_word' id='word_1_73' title='bbox 1029 1255 1111 1321; x_wconf 80' lang='lat' dir='ltr'>adeo</span> <span class='ocrx_word' id='word_1_74' title='bbox 1146 1258 1316 1342; x_wconf 82' lang='lat' dir='ltr'>recedant,</span> 
     </span>
     <span class='ocr_line' id='line_1_11' title="bbox 144 1363 1314 1451; baseline 0.001 -23"><span class='ocrx_word' id='word_1_75' title='bbox 144 1364 304 1451; x_wconf 83' lang='lat' dir='ltr'>explicari</span> <span class='ocrx_word' id='word_1_76' title='bbox 327 1387 395 1428; x_wconf 91' lang='lat' dir='ltr'>non</span> <span class='ocrx_word' id='word_1_77' title='bbox 419 1373 547 1450; x_wconf 90' lang='lat' dir='ltr'>posset,</span> <span class='ocrx_word' id='word_1_78' title='bbox 578 1365 607 1428; x_wconf 90' lang='lat' dir='ltr'>si</span> <span class='ocrx_word' id='word_1_79' title='bbox 631 1386 701 1428; x_wconf 88' lang='grc'>11011</span> <span class='ocrx_word' id='word_1_80' title='bbox 731 1364 839 1450; x_wconf 86' lang='lat' dir='ltr'>ipsius</span> <span class='ocrx_word' id='word_1_81' title='bbox 863 1363 1101 1450; x_wconf 83' lang='lat' dir='ltr'>Xenophontis</span> <span class='ocrx_word' id='word_1_82' title='bbox 1125 1365 1314 1429; x_wconf 83' lang='lat' dir='ltr'>Historiam</span> 
     </span>
     <span class='ocr_line' id='line_1_12' title="bbox 142 1470 1315 1558; baseline 0.001 -22"><span class='ocrx_word' id='word_1_83' title='bbox 142 1494 212 1536; x_wconf 91' lang='lat' dir='ltr'>non</span> <span class='ocrx_word' id='word_1_84' title='bbox 235 1472 396 1536; x_wconf 90' lang='lat' dir='ltr'>continuo</span> <span class='ocrx_word' id='word_1_85' title='bbox 421 1471 651 1558; x_wconf 81' lang='lat' dir='ltr'>compositam,</span> <span class='ocrx_word' id='word_1_86' title='bbox 676 1471 735 1535; x_wconf 83' lang='lat' dir='ltr'>sed</span> <span class='ocrx_word' id='word_1_87' title='bbox 759 1472 813 1557; x_wconf 88' lang='lat' dir='ltr'>epi</span> <span class='ocrx_word' id='word_1_88' title='bbox 831 1494 930 1535; x_wconf 91' lang='lat' dir='ltr'>omen</span> <span class='ocrx_word' id='word_1_89' title='bbox 955 1494 996 1534; x_wconf 86' lang='lat' dir='ltr'>ex</span> <span class='ocrx_word' id='word_1_90' title='bbox 1020 1493 1058 1535; x_wconf 84' lang='grc'>00</span> <span class='ocrx_word' id='word_1_91' title='bbox 1074 1470 1200 1536; x_wconf 85' lang='lat' dir='ltr'>factam</span> <span class='ocrx_word' id='word_1_92' title='bbox 1216 1472 1315 1537; x_wconf 89' lang='lat' dir='ltr'>habe·</span> 
     </span>
     <span class='ocr_line' id='line_1_13' title="bbox 142 1577 1316 1663; baseline -0.001 -20"><span class='ocrx_word' id='word_1_93' title='bbox 142 1601 264 1643; x_wconf 91' lang='lat' dir='ltr'>remus.</span> <span class='ocrx_word' id='word_1_94' title='bbox 312 1577 425 1663; x_wconf 81' lang='lat' dir='ltr'>Atque</span> <span class='ocrx_word' id='word_1_95' title='bbox 449 1579 603 1662; x_wconf 83' lang='lat' dir='ltr'>Agesilai</span> <span class='ocrx_word' id='word_1_96' title='bbox 627 1600 759 1663; x_wconf 88' lang='lat' dir='ltr'>quoque</span> <span class='ocrx_word' id='word_1_97' title='bbox 784 1584 955 1642; x_wconf 78' lang='lat' dir='ltr'>auctorem</span> <span class='ocrx_word' id='word_1_98' title='bbox 979 1577 1126 1663; x_wconf 90' lang='lat' dir='ltr'>epitome</span> <span class='ocrx_word' id='word_1_99' title='bbox 1152 1578 1225 1663; x_wconf 89' lang='lat' dir='ltr'>illa,</span> <span class='ocrx_word' id='word_1_100' title='bbox 1249 1602 1316 1643; x_wconf 93' lang='lat' dir='ltr'>non</span> 
     </span>
     <span class='ocr_line' id='line_1_14' title="bbox 142 1685 1315 1771; baseline 0.001 -21"><span class='ocrx_word' id='word_1_101' title='bbox 142 1686 331 1750; x_wconf 90' lang='lat' dir='ltr'>Helleniois</span> <span class='ocrx_word' id='word_1_102' title='bbox 348 1708 446 1750; x_wconf 90' lang='lat' dir='ltr'>usum</span> <span class='ocrx_word' id='word_1_103' title='bbox 470 1708 543 1749; x_wconf 88' lang='lat' dir='ltr'>esse</span> <span class='ocrx_word' id='word_1_104' title='bbox 567 1690 747 1771; x_wconf 87' lang='lat' dir='ltr'>oporteret,</span> <span class='ocrx_word' id='word_1_105' title='bbox 772 1685 830 1770; x_wconf 91' lang='lat' dir='ltr'>qui</span> <span class='ocrx_word' id='word_1_106' title='bbox 854 1685 1060 1750; x_wconf 86' lang='lat' dir='ltr'>adverbum</span> <span class='ocrx_word' id='word_1_107' title='bbox 1086 1708 1185 1771; x_wconf 85' lang='lat' dir='ltr'>saepe</span> <span class='ocrx_word' id='word_1_108' title='bbox 1201 1686 1315 1751; x_wconf 91' lang='lat' dir='ltr'>Helle·</span> 
     </span>
     <span class='ocr_line' id='line_1_15' title="bbox 142 1792 1314 1879; baseline 0.001 -22"><span class='ocrx_word' id='word_1_109' title='bbox 142 1793 221 1858; x_wconf 88' lang='lat' dir='ltr'>nica</span> <span class='ocrx_word' id='word_1_110' title='bbox 245 1793 358 1878; x_wconf 88' lang='lat' dir='ltr'>qualia</span> <span class='ocrx_word' id='word_1_111' title='bbox 380 1815 442 1857; x_wconf 90' lang='lat' dir='ltr'>nos</span> <span class='ocrx_word' id='word_1_112' title='bbox 477 1792 636 1877; x_wconf 87' lang='lat' dir='ltr'>legimus,</span> <span class='ocrx_word' id='word_1_113' title='bbox 673 1792 865 1879; x_wconf 81' lang='lat' dir='ltr'>descripsit,</span> <span class='ocrx_word' id='word_1_114' title='bbox 901 1815 966 1876; x_wconf 70' lang='grc'>000</span> <span class='ocrx_word' id='word_1_115' title='bbox 1001 1815 1100 1857; x_wconf 88' lang='grc'>001100</span> <span class='ocrx_word' id='word_1_116' title='bbox 1124 1793 1314 1878; x_wconf 86' lang='lat' dir='ltr'>Grosserus,</span> 
     </span>
     <span class='ocr_line' id='line_1_16' title="bbox 142 1899 1314 1986; baseline 0.001 -22"><span class='ocrx_word' id='word_1_117' title='bbox 142 1907 181 1964; x_wconf 92' lang='grc'>01</span> <span class='ocrx_word' id='word_1_118' title='bbox 203 1899 403 1985; x_wconf 83' lang='lat' dir='ltr'>Agesilaum</span> <span class='ocrx_word' id='word_1_119' title='bbox 427 1922 559 1984; x_wconf 84' lang='lat' dir='ltr'>quoque</span> <span class='ocrx_word' id='word_1_120' title='bbox 594 1899 630 1963; x_wconf 92' lang='lat' dir='ltr'>in</span> <span class='ocrx_word' id='word_1_121' title='bbox 666 1900 836 1986; x_wconf 89' lang='lat' dir='ltr'>epitomen</span> <span class='ocrx_word' id='word_1_122' title='bbox 872 1905 1024 1963; x_wconf 90' lang='lat' dir='ltr'>coactum</span> <span class='ocrx_word' id='word_1_123' title='bbox 1060 1899 1202 1985; x_wconf 87' lang='lat' dir='ltr'>diceret,</span> <span class='ocrx_word' id='word_1_124' title='bbox 1229 1924 1314 1966; x_wconf 91' lang='lat' dir='ltr'>com-</span> 
     </span>
    </p>
   </div>
   <div class='ocr_carea' id='block_1_3' title="bbox 142 2003 909 2093">
    <p class='ocr_par' dir='ltr' id='par_1_3' title="bbox 142 2003 909 2093">
     <span class='ocr_line' id='line_1_17' title="bbox 142 2003 909 2093; baseline 0 -22"><span class='ocrx_word' id='word_1_125' title='bbox 142 2015 254 2072; x_wconf 87' lang='lat' dir='ltr'>motus</span> <span class='ocrx_word' id='word_1_126' title='bbox 278 2013 330 2071; x_wconf 90' lang='lat' dir='ltr'>est</span> <span class='ocrx_word' id='word_1_127' title='bbox 353 2003 486 2090; x_wconf 84' lang='lat' dir='ltr'>(Jahrb.</span> <span class='ocrx_word' id='word_1_128' title='bbox 512 2006 535 2071; x_wconf 80' lang='lat' dir='ltr'>f.</span> <span class='ocrx_word' id='word_1_129' title='bbox 560 2007 682 2071; x_wconf 92' lang='lat' dir='ltr'>Philol.</span> <span class='ocrx_word' id='word_1_130' title='bbox 708 2008 751 2070; x_wconf 78' lang='lat'>93</span> <span class='ocrx_word' id='word_1_131' title='bbox 774 2031 807 2093; x_wconf 89' lang='lat' dir='ltr'>p.</span> <span class='ocrx_word' id='word_1_132' title='bbox 823 2007 909 2085; x_wconf 78' lang='lat'>721).</span> 
     </span>
    </p>
   </div>
   <div class='ocr_carea' id='block_1_4' title="bbox 460 2179 1004 2270">
    <p class='ocr_par' dir='ltr' id='par_1_4' title="bbox 460 2179 1004 2270">
     <span class='ocr_line' id='line_1_18' title="bbox 460 2179 1004 2270; baseline 0.004 -20"><span class='ocrx_word' id='word_1_133' title='bbox 460 2179 482 2270; x_wconf 71' lang='lat'>5</span> <span class='ocrx_word' id='word_1_134' title='bbox 507 2183 550 2251; x_wconf 83' lang='lat' dir='ltr'>n.</span> <span class='ocrx_word' id='word_1_135' title='bbox 599 2184 641 2251; x_wconf 80' lang='lat' dir='ltr'>ne</span> <span class='ocrx_word' id='word_1_136' title='bbox 665 2182 856 2252; x_wconf 77' lang='lat' dir='ltr'>Anabaseos</span> <span class='ocrx_word' id='word_1_137' title='bbox 881 2184 1004 2252; x_wconf 83' lang='lat' dir='ltr'>aetate.</span> 
     </span>
    </p>
   </div>
   <div class='ocr_carea' id='block_1_5' title="bbox 127 2318 1321 4228">
    <p class='ocr_par' dir='ltr' id='par_1_5' title="bbox 127 2318 1321 4228">
     <span class='ocr_line' id='line_1_19' title="bbox 248 2318 1315 2404; baseline 0 -19"><span class='ocrx_word' id='word_1_138' title='bbox 248 2321 348 2385; x_wconf 90' lang='lat' dir='ltr'>Nune</span> <span class='ocrx_word' id='word_1_139' title='bbox 371 2319 413 2383; x_wconf 85' lang='lat' dir='ltr'>de</span> <span class='ocrx_word' id='word_1_140' title='bbox 436 2325 598 2404; x_wconf 89' lang='lat' dir='ltr'>tempore,</span> <span class='ocrx_word' id='word_1_141' title='bbox 623 2341 688 2403; x_wconf 91' lang='lat' dir='ltr'>quo</span> <span class='ocrx_word' id='word_1_142' title='bbox 712 2318 881 2383; x_wconf 88' lang='lat' dir='ltr'>Anabasis</span> <span class='ocrx_word' id='word_1_143' title='bbox 906 2319 1091 2404; x_wconf 88' lang='lat' dir='ltr'>composita</span> <span class='ocrx_word' id='word_1_144' title='bbox 1115 2319 1175 2402; x_wconf 89' lang='lat' dir='ltr'>sit,</span> <span class='ocrx_word' id='word_1_145' title='bbox 1202 2319 1315 2385; x_wconf 87' lang='lat' dir='ltr'>dioen-</span> 
     </span>
     <span class='ocr_line' id='line_1_20' title="bbox 142 2426 1316 2510; baseline -0.001 -18"><span class='ocrx_word' id='word_1_146' title='bbox 142 2428 224 2493; x_wconf 88' lang='lat' dir='ltr'>dum</span> <span class='ocrx_word' id='word_1_147' title='bbox 248 2433 308 2510; x_wconf 87' lang='lat' dir='ltr'>est,</span> <span class='ocrx_word' id='word_1_148' title='bbox 335 2450 400 2510; x_wconf 89' lang='lat' dir='ltr'>qua</span> <span class='ocrx_word' id='word_1_149' title='bbox 424 2426 466 2490; x_wconf 87' lang='lat' dir='ltr'>de</span> <span class='ocrx_word' id='word_1_150' title='bbox 488 2448 525 2489; x_wconf 94' lang='lat' dir='ltr'>re</span> <span class='ocrx_word' id='word_1_151' title='bbox 548 2426 694 2490; x_wconf 89' lang='lat' dir='ltr'>multum</span> <span class='ocrx_word' id='word_1_152' title='bbox 717 2426 808 2490; x_wconf 91' lang='lat' dir='ltr'>inter</span> <span class='ocrx_word' id='word_1_153' title='bbox 832 2449 867 2490; x_wconf 92' lang='lat' dir='ltr'>se</span> <span class='ocrx_word' id='word_1_154' title='bbox 890 2426 1045 2490; x_wconf 90' lang='lat' dir='ltr'>homines</span> <span class='ocrx_word' id='word_1_155' title='bbox 1071 2426 1162 2491; x_wconf 86' lang='lat' dir='ltr'>docti</span> <span class='ocrx_word' id='word_1_156' title='bbox 1186 2426 1316 2491; x_wconf 87' lang='lat' dir='ltr'>dissen-</span> 
     </span>
     <span class='ocr_line' id='line_1_21' title="bbox 142 2531 1318 2618; baseline -0.001 -19"><span class='ocrx_word' id='word_1_157' title='bbox 142 2535 244 2599; x_wconf 90' lang='lat' dir='ltr'>tiunt.</span> <span class='ocrx_word' id='word_1_158' title='bbox 293 2533 444 2610; x_wconf 80' lang='lat' dir='ltr'>Quorum</span> <span class='ocrx_word' id='word_1_159' title='bbox 479 2533 691 2597; x_wconf 76' lang='lat' dir='ltr'>Boeclrhium</span> <span class='ocrx_word' id='word_1_160' title='bbox 726 2533 863 2617; x_wconf 80' lang='lat' dir='ltr'>quidem</span> <span class='ocrx_word' id='word_1_161' title='bbox 898 2533 1074 2612; x_wconf 82' lang='lat' dir='ltr'>(Simultas</span> <span class='ocrx_word' id='word_1_162' title='bbox 1098 2555 1130 2618; x_wconf 90' lang='lat' dir='ltr'>p.</span> <span class='ocrx_word' id='word_1_163' title='bbox 1156 2531 1223 2618; x_wconf 77' lang='lat'>26),</span> <span class='ocrx_word' id='word_1_164' title='bbox 1260 2534 1318 2618; x_wconf 89' lang='lat' dir='ltr'>qui</span> 
     </span>
     <span class='ocr_line' id='line_1_22' title="bbox 141 2640 1318 2728; baseline -0.001 -22"><span class='ocrx_word' id='word_1_165' title='bbox 141 2643 242 2728; x_wconf 88' lang='lat' dir='ltr'>paulo</span> <span class='ocrx_word' id='word_1_166' title='bbox 271 2648 347 2727; x_wconf 92' lang='lat' dir='ltr'>post</span> <span class='ocrx_word' id='word_1_167' title='bbox 372 2641 454 2726; x_wconf 82' lang='lat' dir='ltr'>Gyri</span> <span class='ocrx_word' id='word_1_168' title='bbox 489 2640 742 2726; x_wconf 86' lang='lat' dir='ltr'>expeditionem</span> <span class='ocrx_word' id='word_1_169' title='bbox 770 2640 958 2704; x_wconf 89' lang='lat' dir='ltr'>Anabasim</span> <span class='ocrx_word' id='word_1_170' title='bbox 982 2641 1208 2726; x_wconf 81' lang='lat' dir='ltr'>conscriptam</span> <span class='ocrx_word' id='word_1_171' title='bbox 1244 2664 1318 2705; x_wconf 89' lang='lat' dir='ltr'>esse</span> 
     </span>
     <span class='ocr_line' id='line_1_23' title="bbox 143 2745 1318 2834; baseline 0 -21"><span class='ocrx_word' id='word_1_172' title='bbox 143 2749 272 2834; x_wconf 87' lang='lat' dir='ltr'>statuit,</span> <span class='ocrx_word' id='word_1_173' title='bbox 296 2755 387 2813; x_wconf 89' lang='grc'>10010</span> <span class='ocrx_word' id='word_1_174' title='bbox 403 2749 601 2832; x_wconf 85' lang='lat' dir='ltr'>Kruegerus</span> <span class='ocrx_word' id='word_1_175' title='bbox 623 2748 829 2833; x_wconf 87' lang='lat' dir='ltr'>improbavit</span> <span class='ocrx_word' id='word_1_176' title='bbox 846 2747 1048 2827; x_wconf 78' lang='lat' dir='ltr'>(Authentia</span> <span class='ocrx_word' id='word_1_177' title='bbox 1071 2770 1102 2832; x_wconf 87' lang='lat' dir='ltr'>p.</span> <span class='ocrx_word' id='word_1_178' title='bbox 1119 2748 1142 2811; x_wconf 99' lang='lat'>4</span> <span class='ocrx_word' id='word_1_179' title='bbox 1157 2745 1215 2831; x_wconf 84' lang='grc'>0.),</span> <span class='ocrx_word' id='word_1_180' title='bbox 1241 2771 1318 2813; x_wconf 89' lang='grc'>0010</span> 
     </span>
     <span class='ocr_line' id='line_1_24' title="bbox 142 2851 1318 2942; baseline -0.001 -21"><span class='ocrx_word' id='word_1_181' title='bbox 142 2863 178 2920; x_wconf 90' lang='grc'>01</span> <span class='ocrx_word' id='word_1_182' title='bbox 204 2856 338 2921; x_wconf 78' lang='grc'>0100100</span> <span class='ocrx_word' id='word_1_183' title='bbox 362 2855 486 2919; x_wconf 88' lang='lat' dir='ltr'>librum</span> <span class='ocrx_word' id='word_1_184' title='bbox 510 2855 702 2942; x_wconf 88' lang='lat' dir='ltr'>Xenophon</span> <span class='ocrx_word' id='word_1_185' title='bbox 726 2854 842 2920; x_wconf 82' lang='lat' dir='ltr'>laudet</span> <span class='ocrx_word' id='word_1_186' title='bbox 866 2853 989 2937; x_wconf 89' lang='lat' dir='ltr'>(Anab.</span> <span class='ocrx_word' id='word_1_187' title='bbox 1013 2855 1031 2917; x_wconf 91' lang='grc' dir='ltr'><strong>Ι</strong></span> <span class='ocrx_word' id='word_1_188' title='bbox 1057 2856 1087 2938; x_wconf 81' lang='lat'>5,</span> <span class='ocrx_word' id='word_1_189' title='bbox 1113 2851 1169 2937; x_wconf 78' lang='lat'>28)</span> <span class='ocrx_word' id='word_1_190' title='bbox 1194 2860 1229 2918; x_wconf 91' lang='lat' dir='ltr'>et</span> <span class='ocrx_word' id='word_1_191' title='bbox 1252 2857 1318 2920; x_wconf 89' lang='lat' dir='ltr'>La·</span> 
     </span>
     <span class='ocr_line' id='line_1_25' title="bbox 143 2960 1319 3047; baseline -0.001 -19"><span class='ocrx_word' id='word_1_192' title='bbox 143 2963 379 3028; x_wconf 87' lang='lat' dir='ltr'>oedaemonios</span> <span class='ocrx_word' id='word_1_193' title='bbox 425 2963 492 3026; x_wconf 91' lang='lat' dir='ltr'>iam</span> <span class='ocrx_word' id='word_1_194' title='bbox 538 2985 608 3028; x_wconf 90' lang='lat' dir='ltr'>non</span> <span class='ocrx_word' id='word_1_195' title='bbox 646 2962 808 3028; x_wconf 79' lang='lat' dir='ltr'>Graeciae</span> <span class='ocrx_word' id='word_1_196' title='bbox 847 2961 1028 3047; x_wconf 92' lang='lat' dir='ltr'>imperium</span> <span class='ocrx_word' id='word_1_197' title='bbox 1070 2968 1186 3025; x_wconf 88' lang='lat' dir='ltr'>tenere</span> <span class='ocrx_word' id='word_1_198' title='bbox 1226 2960 1319 3027; x_wconf 83' lang='lat' dir='ltr'>dicat</span> 
     </span>
     <span class='ocr_line' id='line_1_26' title="bbox 143 3052 1317 3154; baseline -0.004 -20"><span class='ocrx_word' id='word_1_199' title='bbox 143 3070 264 3151; x_wconf 87' lang='lat' dir='ltr'>(Anab.</span> <span class='ocrx_word' id='word_1_200' title='bbox 281 3071 333 3136; x_wconf 88' lang='lat' dir='ltr'>VI</span> <span class='ocrx_word' id='word_1_201' title='bbox 347 3071 378 3154; x_wconf 91' lang='lat'>4,</span> <span class='ocrx_word' id='word_1_202' title='bbox 396 3071 430 3133; x_wconf 84' lang='lat'>9:</span> <span class='ocrx_word' id='word_1_203' title='bbox 455 3052 552 3153; x_wconf 67' lang='grc' dir='ltr'><strong><em>ἦρχον</em></strong></span> <span class='ocrx_word' id='word_1_204' title='bbox 576 3064 611 3130; x_wconf 67' lang='lat' dir='ltr'>(li</span> <span class='ocrx_word' id='word_1_205' title='bbox 634 3061 723 3130; x_wconf 79' lang='grc'>’11110</span> <span class='ocrx_word' id='word_1_206' title='bbox 747 3061 882 3128; x_wconf 60' lang='lat' dir='ltr'>incircum</span> <span class='ocrx_word' id='word_1_207' title='bbox 903 3058 1063 3152; x_wconf 73' lang='grc' dir='ltr'><em>Ἑλλήνων</em></span> <span class='ocrx_word' id='word_1_208' title='bbox 1087 3061 1115 3128; x_wconf 78' lang='lat' dir='ltr'>oi</span> <span class='ocrx_word' id='word_1_209' title='bbox 1142 3066 1317 3129; x_wconf 77' lang='grc' dir='ltr'>Λακεδαι-</span> 
     </span>
     <span class='ocr_line' id='line_1_27' title="bbox 141 3169 1318 3262; baseline 0.005 -26"><span class='ocrx_word' id='word_1_210' title='bbox 141 3169 275 3257; x_wconf 86' lang='grc' dir='ltr'>μόνιοι).</span> <span class='ocrx_word' id='word_1_211' title='bbox 321 3177 440 3261; x_wconf 88' lang='lat' dir='ltr'>Neque</span> <span class='ocrx_word' id='word_1_212' title='bbox 471 3177 580 3262; x_wconf 90' lang='lat' dir='ltr'>magis</span> <span class='ocrx_word' id='word_1_213' title='bbox 612 3183 651 3240; x_wconf 93' lang='grc'>01</span> <span class='ocrx_word' id='word_1_214' title='bbox 674 3177 863 3261; x_wconf 83' lang='lat' dir='ltr'>Bergkium</span> <span class='ocrx_word' id='word_1_215' title='bbox 886 3172 1085 3261; x_wconf 83' lang='lat' dir='ltr'>(Eneyclop.</span> <span class='ocrx_word' id='word_1_216' title='bbox 1123 3177 1190 3240; x_wconf 90' lang='lat' dir='ltr'>s.I</span> <span class='ocrx_word' id='word_1_217' title='bbox 1224 3183 1249 3240; x_wconf 91' lang='lat' dir='ltr'>t.</span> <span class='ocrx_word' id='word_1_218' title='bbox 1274 3179 1318 3243; x_wconf 82' lang='lat'>81</span> 
     </span>
     <span class='ocr_line' id='line_1_28' title="bbox 142 3283 1321 3370; baseline 0.003 -24"><span class='ocrx_word' id='word_1_219' title='bbox 142 3307 174 3370; x_wconf 93' lang='lat' dir='ltr'>p.</span> <span class='ocrx_word' id='word_1_220' title='bbox 198 3284 275 3363; x_wconf 87' lang='grc'>390)</span> <span class='ocrx_word' id='word_1_221' title='bbox 300 3284 574 3368; x_wconf 81' lang='lat' dir='ltr'>Sieversiumque</span> <span class='ocrx_word' id='word_1_222' title='bbox 600 3284 669 3365; x_wconf 78' lang='lat' dir='ltr'>(Gr.</span> <span class='ocrx_word' id='word_1_223' title='bbox 688 3283 811 3349; x_wconf 89' lang='lat' dir='ltr'>Gesch.</span> <span class='ocrx_word' id='word_1_224' title='bbox 836 3289 898 3348; x_wconf 94' lang='grc'>010.</span> <span class='ocrx_word' id='word_1_225' title='bbox 923 3306 956 3369; x_wconf 94' lang='lat' dir='ltr'>p.</span> <span class='ocrx_word' id='word_1_226' title='bbox 973 3284 1026 3366; x_wconf 81' lang='grc'>42,</span> <span class='ocrx_word' id='word_1_227' title='bbox 1052 3304 1086 3349; x_wconf 92' lang='lat' dir='ltr'>n.</span> <span class='ocrx_word' id='word_1_228' title='bbox 1103 3283 1136 3362; x_wconf 85' lang='lat'>8)</span> <span class='ocrx_word' id='word_1_229' title='bbox 1161 3283 1219 3368; x_wconf 87' lang='lat' dir='ltr'>qui</span> <span class='ocrx_word' id='word_1_230' title='bbox 1245 3307 1321 3349; x_wconf 89' lang='lat' dir='ltr'>eam</span> 
     </span>
     <span class='ocr_line' id='line_1_29' title="bbox 127 3390 1319 3478; baseline 0.002 -23"><span class='ocrx_word' id='word_1_231' title='bbox 127 3391 230 3456; x_wconf 84' lang='grc' dir='ltr'>Ι01100</span> <span class='ocrx_word' id='word_1_232' title='bbox 253 3392 348 3477; x_wconf 87' lang='lat' dir='ltr'>pacis</span> <span class='ocrx_word' id='word_1_233' title='bbox 372 3390 594 3455; x_wconf 74' lang='lat' dir='ltr'>Antalcirleae</span> <span class='ocrx_word' id='word_1_234' title='bbox 634 3398 768 3477; x_wconf 90' lang='lat' dir='ltr'>tempus</span> <span class='ocrx_word' id='word_1_235' title='bbox 798 3391 958 3475; x_wconf 85' lang='lat' dir='ltr'>scriptam</span> <span class='ocrx_word' id='word_1_236' title='bbox 994 3412 1066 3454; x_wconf 88' lang='lat' dir='ltr'>esse</span> <span class='ocrx_word' id='word_1_237' title='bbox 1102 3398 1319 3478; x_wconf 89' lang='lat' dir='ltr'>censuerunt,</span> 
     </span>
     <span class='ocr_line' id='line_1_30' title="bbox 143 3480 1320 3584; baseline 0.002 -22"><span class='ocrx_word' id='word_1_238' title='bbox 143 3498 336 3563; x_wconf 82' lang='lat' dir='ltr'>refellamus</span> <span class='ocrx_word' id='word_1_239' title='bbox 361 3520 444 3584; x_wconf 92' lang='lat' dir='ltr'>opus</span> <span class='ocrx_word' id='word_1_240' title='bbox 469 3504 529 3582; x_wconf 89' lang='lat' dir='ltr'>est,</span> <span class='ocrx_word' id='word_1_241' title='bbox 567 3521 642 3562; x_wconf 91' lang='lat' dir='ltr'>cum</span> <span class='ocrx_word' id='word_1_242' title='bbox 665 3499 822 3583; x_wconf 83' lang='lat' dir='ltr'>Gryllum</span> <span class='ocrx_word' id='word_1_243' title='bbox 838 3497 1091 3581; x_wconf 87' lang='lat' dir='ltr'>Diodorumque</span> <span class='ocrx_word' id='word_1_244' title='bbox 1115 3480 1320 3564; x_wconf 84' lang='lat' dir='ltr'>vicesimum</span> 
     </span>
     <span class='ocr_line' id='line_1_31' title="bbox 145 3604 1316 3692; baseline 0.003 -23"><span class='ocrx_word' id='word_1_245' title='bbox 145 3605 216 3669; x_wconf 87' lang='lat' dir='ltr'>fere</span> <span class='ocrx_word' id='word_1_246' title='bbox 241 3627 367 3670; x_wconf 88' lang='lat' dir='ltr'>annum</span> <span class='ocrx_word' id='word_1_247' title='bbox 391 3605 513 3692; x_wconf 87' lang='lat' dir='ltr'>egisse,</span> <span class='ocrx_word' id='word_1_248' title='bbox 538 3627 614 3669; x_wconf 91' lang='lat' dir='ltr'>cum</span> <span class='ocrx_word' id='word_1_249' title='bbox 638 3605 778 3669; x_wconf 88' lang='lat' dir='ltr'>tertium</span> <span class='ocrx_word' id='word_1_250' title='bbox 803 3605 915 3689; x_wconf 88' lang='lat' dir='ltr'>quinti</span> <span class='ocrx_word' id='word_1_251' title='bbox 938 3604 1018 3668; x_wconf 85' lang='lat' dir='ltr'>libri</span> <span class='ocrx_word' id='word_1_252' title='bbox 1052 3610 1153 3690; x_wconf 89' lang='lat' dir='ltr'>caput</span> <span class='ocrx_word' id='word_1_253' title='bbox 1181 3628 1316 3692; x_wconf 86' lang='lat' dir='ltr'>compo·</span> 
     </span>
     <span class='ocr_line' id='line_1_32' title="bbox 142 3709 1314 3799; baseline 0.002 -23"><span class='ocrx_word' id='word_1_254' title='bbox 142 3720 294 3797; x_wconf 86' lang='lat' dir='ltr'>neretur,</span> <span class='ocrx_word' id='word_1_255' title='bbox 339 3719 500 3799; x_wconf 87' lang='lat' dir='ltr'>appareat</span> <span class='ocrx_word' id='word_1_256' title='bbox 545 3709 619 3796; x_wconf 86' lang='lat' dir='ltr'>(cfr.</span> <span class='ocrx_word' id='word_1_257' title='bbox 655 3735 687 3799; x_wconf 90' lang='lat' dir='ltr'>p.</span> <span class='ocrx_word' id='word_1_258' title='bbox 713 3712 778 3791; x_wconf 77' lang='lat'>25).</span> <span class='ocrx_word' id='word_1_259' title='bbox 836 3710 994 3796; x_wconf 80' lang='lat' dir='ltr'>Accedit,</span> <span class='ocrx_word' id='word_1_260' title='bbox 1030 3711 1119 3796; x_wconf 87' lang='lat' dir='ltr'>quod</span> <span class='ocrx_word' id='word_1_261' title='bbox 1153 3713 1314 3778; x_wconf 92' lang='lat' dir='ltr'>anniver-</span> 
     </span>
     <span class='ocr_line' id='line_1_33' title="bbox 145 3819 1318 3905; baseline 0.001 -21"><span class='ocrx_word' id='word_1_262' title='bbox 145 3820 227 3885; x_wconf 88' lang='lat' dir='ltr'>sarii</span> <span class='ocrx_word' id='word_1_263' title='bbox 251 3820 304 3884; x_wconf 92' lang='lat' dir='ltr'>illi</span> <span class='ocrx_word' id='word_1_264' title='bbox 340 3820 412 3884; x_wconf 87' lang='lat' dir='ltr'>dies</span> <span class='ocrx_word' id='word_1_265' title='bbox 447 3819 529 3885; x_wconf 82' lang='lat' dir='ltr'>festi</span> <span class='ocrx_word' id='word_1_266' title='bbox 562 3842 632 3884; x_wconf 93' lang='lat' dir='ltr'>non</span> <span class='ocrx_word' id='word_1_267' title='bbox 666 3821 760 3905; x_wconf 90' lang='lat' dir='ltr'>prius</span> <span class='ocrx_word' id='word_1_268' title='bbox 796 3841 896 3903; x_wconf 87' lang='lat' dir='ltr'>quam</span> <span class='ocrx_word' id='word_1_269' title='bbox 920 3842 948 3883; x_wconf 90' lang='lat' dir='ltr'>a.</span> <span class='ocrx_word' id='word_1_270' title='bbox 974 3820 1039 3883; x_wconf 84' lang='lat'>383</span> <span class='ocrx_word' id='word_1_271' title='bbox 1068 3819 1220 3883; x_wconf 90' lang='lat' dir='ltr'>instituti</span> <span class='ocrx_word' id='word_1_272' title='bbox 1245 3843 1318 3885; x_wconf 90' lang='grc'>0000</span> 
     </span>
     <span class='ocr_line' id='line_1_34' title="bbox 144 3925 1318 4014; baseline 0 -22"><span class='ocrx_word' id='word_1_273' title='bbox 144 3927 316 3992; x_wconf 83' lang='lat' dir='ltr'>videntur.</span> <span class='ocrx_word' id='word_1_274' title='bbox 353 3928 442 3992; x_wconf 89' lang='lat' dir='ltr'>Nam</span> <span class='ocrx_word' id='word_1_275' title='bbox 467 3927 696 4012; x_wconf 80' lang='lat' dir='ltr'>Megabyzum</span> <span class='ocrx_word' id='word_1_276' title='bbox 719 3948 788 3990; x_wconf 91' lang='lat' dir='ltr'>non</span> <span class='ocrx_word' id='word_1_277' title='bbox 811 3948 872 4011; x_wconf 89' lang='lat' dir='ltr'>per</span> <span class='ocrx_word' id='word_1_278' title='bbox 895 3925 978 3989; x_wconf 92' lang='lat' dir='ltr'>belli</span> <span class='ocrx_word' id='word_1_279' title='bbox 1000 3933 1134 4011; x_wconf 86' lang='lat' dir='ltr'>tempus</span> <span class='ocrx_word' id='word_1_280' title='bbox 1158 3927 1318 4014; x_wconf 90' lang='lat' dir='ltr'>Olympia</span> 
     </span>
     <span class='ocr_line' id='line_1_35' title="bbox 144 4018 1316 4121; baseline 0 -22"><span class='ocrx_word' id='word_1_281' title='bbox 144 4018 374 4121; x_wconf 84' lang='lat' dir='ltr'>spectaturum</span> <span class='ocrx_word' id='word_1_282' title='bbox 399 4057 440 4099; x_wconf 86' lang='lat' dir='ltr'>ex</span> <span class='ocrx_word' id='word_1_283' title='bbox 463 4035 547 4098; x_wconf 88' lang='lat' dir='ltr'>Asia</span> <span class='ocrx_word' id='word_1_284' title='bbox 571 4034 607 4097; x_wconf 88' lang='lat' dir='ltr'>in</span> <span class='ocrx_word' id='word_1_285' title='bbox 632 4033 808 4097; x_wconf 84' lang='lat' dir='ltr'>Graeciam</span> <span class='ocrx_word' id='word_1_286' title='bbox 831 4033 977 4116; x_wconf 86' lang='lat' dir='ltr'>venisse,</span> <span class='ocrx_word' id='word_1_287' title='bbox 1007 4032 1067 4096; x_wconf 84' lang='lat' dir='ltr'>sed</span> <span class='ocrx_word' id='word_1_288' title='bbox 1089 4056 1117 4097; x_wconf 91' lang='lat' dir='ltr'>a.</span> <span class='ocrx_word' id='word_1_289' title='bbox 1143 4034 1221 4118; x_wconf 86' lang='lat'>384,</span> <span class='ocrx_word' id='word_1_290' title='bbox 1253 4057 1316 4119; x_wconf 92' lang='lat' dir='ltr'>quo</span> 
     </span>
     <span class='ocr_line' id='line_1_36' title="bbox 143 4140 1316 4228; baseline 0.002 -23"><span class='ocrx_word' id='word_1_291' title='bbox 143 4142 254 4228; x_wconf 90' lang='lat' dir='ltr'>prima</span> <span class='ocrx_word' id='word_1_292' title='bbox 286 4147 363 4227; x_wconf 90' lang='lat' dir='ltr'>post</span> <span class='ocrx_word' id='word_1_293' title='bbox 402 4164 520 4227; x_wconf 91' lang='lat' dir='ltr'>paoem</span> <span class='ocrx_word' id='word_1_294' title='bbox 560 4140 682 4204; x_wconf 91' lang='lat' dir='ltr'>initam</span> <span class='ocrx_word' id='word_1_295' title='bbox 715 4141 891 4226; x_wconf 88' lang='lat' dir='ltr'>primaque</span> <span class='ocrx_word' id='word_1_296' title='bbox 931 4147 1111 4226; x_wconf 85' lang='lat' dir='ltr'>postquam</span> <span class='ocrx_word' id='word_1_297' title='bbox 1151 4141 1316 4207; x_wconf 83' lang='lat' dir='ltr'>Scillunte</span> 
     </span>
    </p>
   </div>
   <div class='ocr_carea' id='block_1_6' title="bbox 144 4246 1315 4444">
    <p class='ocr_par' dir='ltr' id='par_1_6' title="bbox 144 4246 1315 4444">
     <span class='ocr_line' id='line_1_37' title="bbox 144 4246 1314 4334; baseline 0.001 -21"><span class='ocrx_word' id='word_1_298' title='bbox 144 4249 335 4334; x_wconf 89' lang='lat' dir='ltr'>Xenophon</span> <span class='ocrx_word' id='word_1_299' title='bbox 364 4248 518 4314; x_wconf 87' lang='lat' dir='ltr'>consedit</span> <span class='ocrx_word' id='word_1_300' title='bbox 542 4246 702 4333; x_wconf 82' lang='lat' dir='ltr'>Olympia</span> <span class='ocrx_word' id='word_1_301' title='bbox 723 4254 798 4312; x_wconf 88' lang='lat' dir='ltr'>acta</span> <span class='ocrx_word' id='word_1_302' title='bbox 822 4254 911 4331; x_wconf 91' lang='lat' dir='ltr'>sunt,</span> <span class='ocrx_word' id='word_1_303' title='bbox 935 4253 1026 4312; x_wconf 90' lang='grc'>10010</span> <span class='ocrx_word' id='word_1_304' title='bbox 1041 4247 1219 4312; x_wconf 87' lang='lat' dir='ltr'>Nitsohius</span> <span class='ocrx_word' id='word_1_305' title='bbox 1244 4251 1277 4330; x_wconf 87' lang='lat' dir='ltr'>(l.</span> <span class='ocrx_word' id='word_1_306' title='bbox 1295 4251 1314 4314; x_wconf 92' lang='lat' dir='ltr'>l.</span> 
     </span>
     <span class='ocr_line' id='line_1_38' title="bbox 145 4352 1315 4444; baseline 0.003 -25"><span class='ocrx_word' id='word_1_307' title='bbox 145 4378 177 4444; x_wconf 91' lang='lat' dir='ltr'>p.</span> <span class='ocrx_word' id='word_1_308' title='bbox 201 4352 259 4438; x_wconf 82' lang='lat'>48)</span> <span class='ocrx_word' id='word_1_309' title='bbox 283 4357 424 4421; x_wconf 90' lang='lat' dir='ltr'>monuit.</span> <span class='ocrx_word' id='word_1_310' title='bbox 472 4358 611 4422; x_wconf 87' lang='lat' dir='ltr'>Grotius</span> <span class='ocrx_word' id='word_1_311' title='bbox 641 4356 839 4439; x_wconf 70' lang='grc'>0011110111.</span> <span class='ocrx_word' id='word_1_312' title='bbox 865 4378 894 4420; x_wconf 91' lang='lat'>0.</span> <span class='ocrx_word' id='word_1_313' title='bbox 921 4356 979 4419; x_wconf 90' lang='lat' dir='ltr'>Gr.</span> <span class='ocrx_word' id='word_1_314' title='bbox 1004 4356 1054 4419; x_wconf 69' lang='lat' dir='ltr'>LX</span> <span class='ocrx_word' id='word_1_315' title='bbox 1083 4352 1161 4438; x_wconf 73' lang='lat'>245)</span> <span class='ocrx_word' id='word_1_316' title='bbox 1190 4356 1315 4422; x_wconf 83' lang='lat' dir='ltr'>Soheu·</span> 
     </span>
    </p>
   </div>
   <div class='ocr_carea' id='block_1_7' title="bbox 0 0 1472 4874">
    <p class='ocr_par' dir='ltr' id='par_1_7' title="bbox 0 0 1472 4874">
     <span class='ocr_line' id='line_1_39' title="bbox 0 0 1472 4874; baseline 0 0"><span class='ocrx_word' id='word_1_317' title='bbox 0 0 1472 4874; x_wconf 95' lang='lat' dir='ltr'> </span> 
     </span>
    </p>
   </div>
  </div>
 </body>
</html>
