2932 4874
1123 136 1137 176 Ι

627 223 845 286 ..59-

149 423 181 486 p.
207 399 294 480 718).
341 401 396 465 Ex
416 401 489 486 ipso
514 401 621 486 igitur
649 401 735 465 libro
760 400 796 464 id
815 423 921 465 unum
950 401 1024 466 erui
1051 423 1149 486 posse
1176 401 1322 488 videtur,

148 512 188 572 ut
212 515 388 592 cumpost
411 531 439 572 a.
466 509 530 572 385
555 509 720 594 scriptum
756 530 829 572 esse
852 507 1051 573 iudicemus.
1109 509 1198 574 Nam
1221 532 1264 573 ne
1288 509 1325 573 id

150 614 289 699 quidem
312 615 469 680 Nitschio
494 615 749 680 concedendum
783 637 855 679 esse
880 615 1051 697 existimo,
1082 615 1171 700 quod
1194 621 1271 701 post
1295 639 1323 681 a.

69 798 77 808 ,
150 722 390 808 371pugnam
415 723 643 787 Coronensem
674 716 824 801 γενέσθαι
853 719 925 782 οἵαν
950 711 1008 782 οὐκ
1028 711 1129 806 ἄλλην
1152 721 1217 782 τῶν
1241 717 1323 806 γ’ἐφ’

149 818 242 913 ἡμῶν
266 829 335 893 dici
356 830 508 915 potuisse
525 838 640 915 negat,
665 851 741 893 cum
757 829 915 894 Leuctris
932 829 1023 894 inter
1039 830 1127 894 solos
1145 829 1325 895 Thebanos

150 943 186 1000 et
208 936 556 1001 Lacedaemoniorum
584 943 744 1020 quattuor
766 928 870 1019 μόρας
897 943 1112 1022 pagnaretur,
1138 937 1326 1001 Coroneam
1397 1018 1399 1023 Ι

148 1066 191 1108 ex
206 1049 279 1107 tota
295 1042 365 1108 fere
384 1044 526 1109 Graecia
544 1044 711 1108 exercitus
729 1044 979 1109 convenissent.
1015 1044 1168 1108 Certiora
1183 1066 1264 1109 vero
1284 1066 1326 1108 ex

148 1163 190 1215 ea
212 1173 263 1234 re,
290 1151 379 1236 quod
402 1151 459 1216 hic
482 1151 568 1216 liber
591 1157 668 1237 post
691 1150 880 1215 Anabasim
904 1151 1109 1238 compositus
1134 1173 1207 1215 esse
1230 1146 1326 1216 vidt-

149 1264 222 1342 tur,
261 1257 352 1322 infra
388 1259 432 1344 (p.
457 1259 500 1322 65
525 1254 588 1342 sq.)
625 1256 759 1322 efficere
795 1257 1004 1340 conabimur;
1040 1257 1097 1322 hic
1131 1257 1327 1322 addendum

146 1371 215 1449 est,
251 1365 340 1449 quod
374 1365 578 1430 Leutschius
613 1365 747 1446 (Philol.
776 1360 942 1429 XXXIII
964 1388 996 1450 p.
1022 1362 1178 1448 97‚127)
1213 1366 1325 1450 Iung-

146 1494 361 1557 mannusque
385 1473 519 1553 (Philol.
544 1473 688 1558 Anzeig.
712 1474 745 1538 V
771 1469 848 1555 139)
883 1472 950 1536 sihi
977 1478 1230 1558 persuaserunt,
1267 1473 1326 1557 qui

144 1580 405 1644 Hellenicorum
427 1581 557 1666 priores
581 1581 685 1645 libros
709 1604 728 1644 a
751 1581 982 1665 Xenophonte
1006 1579 1163 1665 Cratippi
1186 1580 1326 1643 nomine

148 1686 261 1751 editos
298 1710 370 1751 esse
406 1694 619 1770 censuerunt,
657 1711 733 1752 cum
758 1688 959 1773 Cratippum
994 1686 1206 1771 Thucydidis
1242 1709 1325 1772 opus

146 1794 373 1879 complevisse
396 1794 584 1879 Dionysius
608 1795 685 1858 Hal.
712 1794 766 1875 (de
783 1794 936 1879 Thucyd.
954 1793 1054 1872 XVI)
1079 1794 1179 1858 dicat.
1210 1792 1325 1878 Atque

143 1902 353 1966 Leutschius
368 1901 505 1986 quidem
522 1925 605 1986 eam,
624 1924 724 1986 quam
737 1902 921 1965 Muellerus
937 1900 1035 1983 dixit,
1052 1901 1198 1986 primam
1210 1900 1325 1964 Helle-

143 1991 303 2074 nicorum
335 2017 467 2093 partem
501 2006 532 2092 (I
558 2009 658 2073 1--11
682 2008 772 2092 3,10)
796 2008 960 2093 Cratippo
996 2007 1110 2072 datam
1143 2007 1326 2092 existimat,

143 2118 392 2211 Jungmannus
417 2116 612 2180 Nitschium
629 2122 764 2179 secutus
789 2139 877 2198 eam,
902 2137 987 2199 quae
1004 2121 1163 2198 quattuor
1195 2115 1341 2200 priores

143 2222 253 2288 libros
278 2246 317 2287 ac
342 2217 455 2308 quinti
474 2223 554 2287 libri
570 2223 719 2308 primum
743 2229 843 2307 caput
860 2223 1096 2307 complectitur
1119 2221 1191 2301 (cfr.
1208 2245 1240 2308 p.
1259 2222 1325 2301 54).

146 2331 303 2408 Quorum
327 2331 497 2395 sententia
531 2330 589 2413 iis,
626 2352 711 2413 quae
747 2328 788 2392 de
814 2328 976 2414 Cratippo
1000 2329 1187 2414 Dionysius
1211 2328 1324 2413 refert,

143 2436 331 2522 refutatur,
368 2438 426 2522 qui
455 2460 532 2501 eum
568 2437 737 2501 orationes
773 2459 792 2500 a
820 2436 1022 2520 Thucydide
1057 2436 1201 2500 insertas
1236 2436 1326 2500 vitu-

144 2567 286 2632 perasse
322 2545 415 2627 dicit,
452 2567 529 2608 cum
565 2533 601 2604 oi·
625 2536 725 2622 μόνον
747 2542 821 2616 ταῖς
844 2535 1016 2626 πράξεσιν,
1047 2532 1130 2602 ἀλλὰ
1165 2536 1220 2602 καὶ
1256 2542 1327 2616 τοῖς

146 2640 334 2726 ἀκούουσιν,
351 2640 486 2736 &papas
511 2658 625 2715 essent
649 2649 805 2736 (Dionys
830 2652 851 2715 l.
877 2653 898 2715 l.
917 2674 943 2715 c.
965 2651 1005 2715 16
1028 2673 1060 2736 p.
1079 2646 1169 2732 847).
1209 2651 1327 2736 Ipsum

144 2757 258 2844 igitur
282 2758 351 2823 suis
374 2759 472 2825 libris
493 2759 661 2824 orationes
677 2781 747 2823 non
770 2759 954 2822 inseruisse
979 2763 1132 2843 apparet,
1156 2756 1192 2819 in
1210 2757 1326 2821 Helle-

143 2865 304 2930 nicorum
326 2889 407 2931 uero
430 2867 541 2952 prima
563 2873 660 2952 parte
684 2866 852 2930 orationes
876 2867 1038 2950 leguntur
1062 2860 1165 2946 (Hell.
1179 2864 1209 2927 xI
1232 2865 1262 2948 6,
1287 2865 1324 2948 8,

146 2973 181 3058 7,
209 2973 262 3055 16,
287 2973 323 3036 II
346 2975 376 3057 3,
401 2974 453 3038 24.
484 2974 536 3038 35.
566 2973 621 3055 513
651 2974 682 3055 4,
710 2973 760 3036 13.
791 2973 834 3035 20
858 2969 946 3056 etc),
976 2973 1092 3056 itaque
1120 2971 1327 3056 Dionysium

145 3079 244 3145 aliud
269 3081 424 3167 Cratippi
454 3103 538 3166 opus
563 3079 772 3143 intellexisse
797 3085 929 3165 oportet
953 3078 1025 3159 (cfr.
1052 3079 1181 3162 Ruehl,
1200 3079 1325 3145 Jahrb.

146 3185 175 3251 f.
199 3186 322 3252 runi
348 3194 371 3251 a.
400 3186 658 3272 127(1883)p.
685 3187 770 3265 ras).

378 3360 400 3451 5
426 3364 468 3432 15.
516 3364 559 3432 De
584 3363 813 3432 Hellenicorum
838 3365 932 3450 parte
957 3365 1115 3433 extrema.

257 3510 437 3573 Extremus
474 3508 621 3593 denique
645 3509 900 3573 Hellenicorum
934 3509 1039 3573 libros
1063 3511 1169 3574 multo
1193 3517 1324 3595 posta.

147 3617 217 3680 360
234 3615 403 3680 confectos
429 3622 463 3680 et
479 3616 541 3680 hac
554 3617 601 3685 ,de
618 3639 718 3680 eausa
734 3616 959 3701 Stesiclidem,
985 3617 1044 3700 qui
1059 3617 1326 3702 Xenophontem

147 3747 180 3789 a.
206 3720 331 3806 360s59
356 3745 398 3786 ex
417 3723 490 3787 vita
506 3724 692 3788 decessisse
709 3723 803 3807 dicit,
828 3724 1088 3809 improbandum
1105 3746 1178 3788 esse
1195 3724 1324 3810 primus

144 3829 401 3915 Wesselingius
436 3830 526 3893 vidit
560 3829 651 3913 (adn.
677 3831 719 3894 ad
742 3831 880 3895 Diodor.
905 3831 975 3896 XV
999 3828 1065 3912 76).
1124 3832 1212 3895 Nam
1235 3832 1325 3895 Hell.

146 3938 202 4004 VI
223 3938 254 4020 4,
273 3939 315 4001 36
339 3937 533 4023 Xenophon
562 3937 749 4002 Alexandri
772 3938 959 4002 Pherarum
983 3938 1123 4022 tyranni
1146 3938 1187 4002 ab
1211 3939 1326 4002 uxoris

148 4044 315 4111 fratribus
339 4045 441 4108 occisi
468 4045 677 4109 mentionem
707 4045 790 4109 facit
814 4053 849 4109 et
877 4046 1012 4109 illorum
1035 4044 1219 4108 maximum
1243 4051 1327 4109 natu

146 4175 295 4238 regnum
308 4151 495 4217 obtinuisse
510 4152 594 4215 dicit
608 4140 687 4233 ,ἄχρι
705 4134 742 4211 oi:
756 4141 810 4212 tos
824 4141 840 4211 ὁ
855 4143 949 4232 λόγος
963 4143 1142 4235 ἕγρᾶφεῑο’.
1161 4153 1326 4217 Iasonem
1368 4202 1371 4207 .

147 4282 232 4326 uero
255 4259 444 4324 Pherarum
472 4268 657 4344 tyrannum
680 4266 851 4323 mortuum
887 4281 959 4322 esse
994 4267 1176 4343 antequam
1198 4259 1327 4344 Pythia

149 4391 181 4434 a.
206 4368 273 4432 370
308 4373 491 4451 agerentur
525 4367 720 4452 Xenophon
754 4366 860 4430 tradit
893 4366 984 4431 Hell.
1009 4366 1058 4430 VI
1081 4366 1112 4451 4,
1149 4367 1205 4450 27,
1241 4389 1326 4452 quae
