2932 4874
614 208 832 277 —52-

142 389 290 478 expolita
318 414 338 456 a
366 391 544 478 scriptore,
581 392 640 477 qui
668 390 819 456 Atticam
850 391 954 456 solam
991 389 1168 476 cognitam
1202 389 1307 478 habet,

142 498 351 584 compositus
375 499 430 583 sit,
456 521 565 584 neque
589 500 659 564 ulla
682 520 735 563 res
760 504 894 561 nostrae
918 497 1110 563 sententiae
1133 506 1308 586 repugnet,

142 628 218 670 eum
242 612 424 689 antequam
447 606 643 692 Xenophon
666 629 695 670 a.
718 605 784 669 401
813 603 857 668 ad
882 603 1009 689 Cyrum
1032 604 1310 691 proficisceretur,

141 711 289 777 Athenis
325 712 490 798 scriptum
527 734 599 777 essa
634 712 824 777 statuimus
876 710 991 796 Atque
1025 734 1102 777 cum
1137 735 1201 800 per
1234 713 1312 779 belli

140 817 420 905 Peloponnesiaci
459 825 627 885 extremos
662 840 768 884 annos
802 818 948 883 Decelea
982 840 1002 883 a
1035 818 1312 886 Lacedaemoniis

141 934 303 1012 occupata
325 925 554 991 Athenienses
582 926 702 991 venari
731 948 800 991 non
827 930 981 1012 possent,
1015 924 1173 991 libellum
1197 950 1226 993 a.
1250 927 1312 993 402

142 1033 367 1119 compositum
391 1056 464 1098 esse
488 1032 667 1099 contendo

333 1223 355 1314 ἓ
380 1227 424 1296 13.
472 1228 515 1296 De
540 1227 702 1297 Historiae
726 1226 870 1296 Graecae
895 1227 989 1313 parte
1013 1226 1125 1313 prima.

247 1342 397 1419 Transeo
432 1354 475 1419 ad
501 1354 681 1419 Hellenica
716 1359 751 1418 et
784 1353 931 1439 primum
966 1352 1089 1438 quibus
1125 1353 1168 1419 de
1205 1355 1313 1421 causis

142 1482 211 1525 non
228 1482 333 1525 unum
351 1483 434 1547 opus
451 1462 611 1525 continuo
628 1460 792 1546 scriptum
804 1459 960 1526 habenda
970 1460 1049 1545 sint,
1065 1460 1185 1547 paucis
1202 1460 1313 1527 verbis

143 1589 318 1653 exponam.
366 1566 479 1652 Atque
502 1567 689 1652 Dionysius
713 1568 790 1632 Hal.
816 1565 893 1653 (Ep.
918 1566 962 1631 ad
982 1567 1101 1653 Pomp.
1118 1567 1170 1633 IV
1187 1591 1221 1654 p.
1239 1568 1313 1649 777)

141 1674 224 1739 haee
257 1673 377 1739 tradit:
414 1670 567 1758 Ξενοηῶν
586 1666 642 1748 τὰς
667 1664 848 1747 ὑποδέσεις
875 1673 940 1734 cciv
964 1665 1118 1757 ίοεοραῦν
1147 1668 1313 1750 ἐξελέξατο

141 1773 245 1854 καλὰς
278 1775 334 1841 καί
363 1777 629 1865 μεγαλοπρεπεῖς
657 1775 713 1841 καὶ
742 1770 833 1862 ἀνδρί
864 1771 1039 1865 ηολοοόηη)
1072 1772 1312 1867 προσηκούσας,

142 1881 200 1972 την
222 1908 254 1949 ra
273 1880 378 1971 Κίροο
395 1881 571 1949 παιδείαν.
587 1935 593 1949 .
610 1935 638 1949 ..
664 1883 718 1949 καί
746 1880 802 1972 εην
818 1877 979 1967 ἀνάβασιν
999 1887 1057 1949 τοῦ
1073 1881 1231 1972 νεωτέρου
1247 1880 1313 1951 Κί-

142 2016 288 2078 ροο....
318 1989 372 2055 καὶ
404 1987 514 2079 ’τρίτην
542 1986 588 2055 ἔα
618 1987 673 2080 [qr
694 1985 883 2080 Ἑλληνικὴν
907 1987 1054 2078 ίοεορίαο
1076 1988 1133 2055 καὶ
1156 1981 1198 2080 ἣν
1220 1989 1313 2058 κατί-

143 2098 240 2162 λαεεν
260 2091 358 2186 dreis}
378 2094 588 2186 Θοοκοδίδης,
614 2096 647 2161 ἓν
670 2084 691 2186 ᾗ
714 2093 932 2163 καεαλίονεαί
955 2121 990 2162 τε
1014 2093 1043 2163 οἳ
1064 2093 1241 2184 τριάκοντα
1261 2096 1314 2164 καὶ

142 2201 183 2269 cri
212 2204 301 2294 Ιιέίχη
330 2209 395 2269 ’τῶν
421 2198 622 2294 Ἀίίιηιαοέον,
659 2197 681 2269 ἃ
704 2200 969 2287 Λακεδάιμόιίοι
1004 2204 1179 2286 καθεῖλον,
1217 2192 1314 2285 αὖθις

143 2305 314 2376 ἀνίοεαεαι
346 2353 387 2361 —-
417 2316 617 2402 quibuscum
641 2317 768 2403 optime
793 2321 1042 2401 comparantur,
1069 2338 1155 2401 quae
1179 2317 1315 2384 exhibet

142 2423 360 2487 Marcellinus
394 2424 464 2490 Vit.
495 2423 648 2508 Thucyd.
677 2425 713 2488 ll
740 2423 798 2487 45:
835 2412 987 2483 ἀπέθανε
1020 2417 1226 2509 Θουκυδίδης
1242 2471 1249 2487 .
1265 2472 1272 2486 .
1286 2471 1314 2486 ..

144 2522 337 2614 οιηνγρείηεον
365 2522 406 2588 ari
431 2521 611 2614 προίγμαεα
643 2530 697 2591 rob
726 2523 875 2591 εἰκοσεοῦ
904 2523 960 2591 καὶ
988 2521 1123 2612 πρεόεοο
1151 2524 1315 2593 ἐνιαυτοῦ·

143 2627 245 2697 εἴκοσι
272 2630 306 2695 δὲ
330 2630 386 2696 καὶ
410 2629 497 2695 irrui
522 2631 673 2715 καιίοχεν
688 2628 705 2698 δ
723 2630 879 2716 πόλεμος.
929 2627 979 2697 'lb'
1002 2631 1037 2697 δὲ
1060 2635 1126 2696 τῶν
1149 2624 1262 2699 δίλλων
1285 2624 1319 2714 (ἒξ

143 2738 224 2804 dcciv
247 2733 434 2828 οίναεεληροῖ
454 2732 473 2802 ὅ
496 2764 527 2804 ra
550 2736 756 2824 Θεόπομπος
780 2740 834 2806 καί
861 2735 1058 2829 ὃΞεοοφῶν,
1084 2730 1134 2817 οἷς
1155 2737 1317 2809 candaca

143 2843 201 2936 εην
221 2840 410 2935 Ἑλληνικὴν
446 2843 601 2934 ίοιορίαν.
659 2854 736 2918 1)αο
772 2853 879 2938 igitur
913 2851 1154 2938 Xenophontis
1190 2854 1320 2941 scripta

144 2958 344 3022 distinxisse
365 2957 527 3023 videntur
543 2959 730 3045 Dionysius
747 2967 782 3024 et
797 2958 1025 3042 Marcellinus,
1047 2958 1319 3045 Paralipomena,

143 3071 182 3129 ut
205 3065 254 3130 ita
278 3065 398 3149 dicam,
423 3065 466 3129 ad
483 3065 718 3151 Thucydidem
743 3072 777 3131 et
793 3067 981 3131 Historiam
999 3066 1172 3131 Graecam.
1206 3066 1321 3155 Adde,

145 3173 234 3258 quod
261 3174 433 3257 Diogenes
462 3173 574 3237 Laert.
603 3173 868 3260 Xenophontem
898 3172 1110 3258 Thucydidis
1137 3172 1324 3242 historiam

144 3279 292 3345 edidisse
314 3279 398 3344 dicit
416 3278 465 3362 (H
482 3279 554 3361 57);
579 3275 705 3362 λίγειαι
731 3269 813 3341 δ’δέι
838 3274 894 3340 καὶ
917 3271 958 3340 εδ
978 3273 1180 3341 Θουκυδίδου
1201 3277 1325 3363 βιβλία

144 3376 329 3470 ὑφελέσθαι
358 3377 533 3464 δυνάμενος
562 3378 783 3464 tardaturum,
816 3375 914 3460 αδεδς
937 3379 985 3460 εἰς
1009 3378 1107 3461 δόξαν
1130 3374 1253 3472 ἤγαγεν
1280 3427 1324 3436 -

103 3544 106 3550 .
145 3516 348 3579 quamquam
371 3493 472 3558 huius
496 3494 692 3560 testimonio
715 3517 784 3559 non
801 3495 946 3559 multum
962 3495 1173 3560 auctoritatis
1190 3497 1325 3565 tribuo.

143 3601 268 3666 Nostra
295 3623 375 3665 vero
405 3606 515 3665 aetate
544 3602 673 3687 primus
696 3602 904 3667 Niebuhrius
934 3600 1065 3667 duobus
1099 3602 1327 3689 potissimum

145 3708 355 3793 argumentis
395 3731 475 3773 usus
519 3710 587 3789 (Kl.
628 3709 746 3774 histor.
783 3707 921 3775 Schrift.
956 3710 975 3774 Ι
1007 3705 1088 3794 464)
1125 3709 1328 3780 Historiam

145 3817 311 3881 Graecam
345 3839 452 3880 unum
488 3838 571 3903 opus
601 3816 761 3881 continuo
797 3817 1021 3901 compositum
1056 3837 1128 3881 esse
1162 3820 1326 3904 negavit.-

144 3923 234 3988 Nam
273 3923 310 3987 in
344 3923 513 4009 prioribus
547 3923 804 3988 Hellenicorum
837 3924 935 3989 libris
969 3923 1239 4010 Xenophontem
1279 3927 1327 3994 de

143 4030 410 4096 Atheniensium
433 4055 470 4095 re
493 4031 629 4116 publica
653 4030 726 4094 sine
749 4030 800 4095 ira
816 4036 851 4095 et
866 4030 979 4096 studio
995 4030 1144 4096 iudicare
1160 4042 1324 4121 apparet;

144 4137 181 4202 in
197 4137 442 4225 posterioribus
459 4139 617 4224 Spartam
637 4137 905 4222 Agesilaumque
919 4138 1139 4203 veneratione
1156 4138 1326 4227 cultuque

144 4251 341 4330 persecutus
375 4245 522 4331 patriam
557 4245 587 4308 si
621 4267 690 4309 non
724 4245 836 4310 odisse
864 4251 900 4309 at
926 4267 996 4310 non
1029 4267 1141 4310 amare
1168 4244 1324 4316 videtur.

144 4351 262 4436 Neque
293 4374 378 4434 quae
409 4359 559 4415 extremo
588 4352 693 4416 altero
721 4351 807 4416 libro
831 4353 1005 4437 leguntur:
1033 4341 1207 4438 'Aequana
1237 4343 1324 4434 ὀμό-

1265 4514 1279 4539 Ι
