2932 4874
616 177 834 242 „44-

247 360 377 443 Restat,
412 364 451 422 ut
474 356 516 422 de
539 357 706 444 particula
729 350 765 416 de'
786 378 892 442 pauca
926 354 1104 440 addamne,
1140 378 1248 441 quam
1283 355 1319 450 in

140 466 297 533 omnibus
325 465 567 552 Xenophontis
595 463 693 528 libris
716 484 878 550 persaepe
901 462 972 548 legi
994 485 1094 529 nemo
1117 462 1317 548 mirabitur3

140 576 177 640 in
198 574 293 639 nullo
316 579 431 638 tamen
459 580 529 637 tam
558 571 717 656 frequens
745 576 798 635 est
825 592 926 655 quam
954 570 991 635 in
1015 569 1247 656 CynegetieO,
1283 571 1319 635 in

140 705 205 767 quo
221 679 457 765 undetriginta
473 679 608 766 paginis
625 679 690 742 535
707 672 744 738 δέ
762 678 932 762 leguntur,
958 677 1008 742 ita
1029 683 1069 742 ut
1091 676 1223 762 viginti
1247 676 1319 743 fere

139 810 341 874 unaquaque
368 787 494 873 pagina
522 786 756 869 inveniantur,
785 785 958 850 interdum
986 785 1042 850 vel
1069 785 1146 872 plus
1170 785 1321 872 triginta

142 894 215 973 (cfr.
240 919 267 960 1.
291 894 362 974 Il).
408 894 451 958 In
479 894 619 978 reliquis
651 894 743 957 enim
772 892 1113 958 commentationibus
1142 886 1181 953 δέ
1203 892 1320 958 decies

140 1004 197 1069 vel
209 1001 384 1087 tredecies,
401 1002 438 1067 in
451 1001 595 1086 dialogis
608 1001 713 1066 octies
726 1000 783 1064 vel
795 1000 915 1065 novies
927 1022 988 1086 per
1001 1000 1153 1085 singulas
1168 1000 1318 1086 paginas

140 1110 278 1196 legitur.
310 1109 565 1174 Hellenicorum
588 1131 668 1173 vero
685 1109 794 1194 prima
816 1130 894 1195 pars
919 1106 1068 1172 medium
1091 1107 1203 1173 locum
1228 1107 1321 1172 inter

141 1217 266 1283 librum
290 1215 332 1281 de
355 1216 546 1282 Venatione
570 1223 605 1280 et
628 1222 740 1281 cetera
762 1214 1003 1300 Xenophontis
1039 1214 1166 1301 scripta
1199 1220 1320 1280 tenere

142 1322 288 1408 videtur,
314 1324 439 1410 quippe
456 1323 492 1387 in
509 1345 574 1408 qua
590 1317 627 1383 δέ
641 1323 749 1387 rarius
766 1321 903 1407 quidem
920 1344 1021 1407 quam
1036 1322 1074 1387 in
1089 1322 1159 1407 ille,
1182 1323 1321 1409 saepius

143 1438 257 1498 tamen
283 1454 384 1517 quam
408 1431 445 1495 in
469 1430 591 1496 ceteris
614 1429 855 1516 Xenophontis
880 1429 1016 1515 scriptis
1039 1430 1183 1515 legatur.

177 1660 199 1751 9
225 1662 257 1731 ΙΙ.
303 1662 345 1731 ne
362 1660 544 1748 cyneaetici
569 1662 603 1730 et
627 1661 854 1731 Hellenioorum
879 1622 984 1749 perlis
1002 1659 1024 1725 I
1041 1660 1292 1730 necessitudine.

250 1790 324 1854 lam
348 1811 432 1874 quae
456 1811 496 1853 ex
518 1788 760 1875 particularum
775 1811 839 1853 usu
856 1787 947 1853 effici
961 1787 1104 1875 possint,
1129 1787 1320 1854 videamus.

144 1897 195 1962 Ac
219 1896 367 1982 primurn
392 1894 530 1981 quidem
554 1918 619 1980 eos,
645 1918 728 1981 quos
752 1896 881 1983 primae
904 1896 1010 1961 aetati
1032 1894 1321 1981 Dittenbergerus

145 2003 311 2087 attribuit,
338 2002 452 2086 libros,
479 2003 727 2088 Cynegeticum
751 2003 826 2069 dico
851 2009 885 2071 et
908 2003 1043 2068 Hellen.
1068 2025 1099 2089 p.
1117 2003 1144 2088 I,
1169 2002 1264 2068 inter
1287 2024 1322 2068 se

146 2133 276 2175 summa
300 2109 527 2176 similitudine
555 2133 593 2174 11
618 2109 850 2176 familiaritate
878 2111 1076 2175 coniunctos
1108 2109 1149 2175 ab
1177 2110 1323 2175 aliorum

145 2217 390 2305 Xenophontis
423 2218 628 2307 scriptorum
663 2240 788 2303 genere
824 2217 962 2283 dicendi
995 2217 1119 2282 mirum
1154 2223 1324 2302 quantum

144 2325 301 2391 recedere
332 2332 480 2411 apparet.
527 2327 615 2391 Nam
643 2333 879 2412 praeterquam
908 2325 998 2410 quod
1027 2323 1230 2412 particulam
1259 2315 1324 2409 μήν

145 2432 276 2499 inillis
300 2432 888 2518 nonlegiDittenbergerusrecte
912 2433 1061 2518 monuit,
1086 2469 1127 2477 —-
1159 2430 1196 2496 id
1231 2430 1325 2517 quod

147 2562 223 2605 oum
252 2539 490 2624 antiquissimo
519 2539 636 2605 Attico
663 2540 750 2606 libro
779 2540 848 2605 illis
880 2562 1057 2605 commune
1087 2546 1139 2604 est
1175 2573 1217 2582 -
1255 2561 1325 2605 non

146 2647 246 2713 modo
271 2645 355 2727 γοῦν,
381 2646 562 2731 τοιγαροῦν,
588 2629 684 2724 d’odv,
710 2642 745 2728 γὲ
767 2642 889 2726 μέντοι,
915 2641 950 2728 γὲ
974 2638 1023 2732 dq',
1049 2641 1085 2707 de*
1108 2637 1159 2732 δή,
1184 2637 1324 2730 καὶγὰρ

150 2747 200 2841 dq',
226 2754 286 2820 sed
308 2776 352 2818 ne
375 2747 434 2832 μὲν
457 2745 499 2838 δή
523 2753 661 2839 quidem
683 2755 720 2819 in
744 2754 787 2820 iis
812 2755 996 2820 invenitur.
1030 2755 1148 2839 Neque
1172 2775 1327 2839 unquam

149 2864 186 2928 in
202 2861 273 2928 illis
289 2861 486 2947 Xenophon
502 2863 667 2927 sermonis
683 2863 755 2927 vim
772 2861 888 2928 addito
912 2853 1000 2922 πάνυ
1024 2862 1080 2927 vel
1102 2852 1194 2941 μάλα
1217 2861 1326 2945 auxit,

147 2992 258 3055 neque
282 2958 391 3053 δήπου
415 2969 581 3055 particula
603 2992 684 3034 usus
707 2969 940 3035 demissiorem
957 2969 1048 3053 fecit,
1072 2990 1184 3054 neque
1199 2967 1326 3034 breves

150 3078 229 3142 illae
253 3077 530 3162 comparationes,
556 3099 638 3162 quas
662 3078 907 3164 posterioribus
931 3077 1027 3143 libris
1051 3076 1201 3142 inserere
1221 3082 1326 3161 amat,

151 3186 189 3249 in
212 3183 423 3269 Cynegetico
448 3191 483 3248 et
505 3184 761 3250 Hellenicorum
781 3185 891 3272 prima
906 3190 1003 3272 parte
1019 3183 1216 3269 frequentes
1233 3189 1327 3248 sunt.

149 3290 250 3359 Adde
275 3288 364 3375 quod
387 3291 573 3377 particulae
596 3285 712 3368 τοίνυν,
743 3274 793 3368 od,
825 3281 948 3370 111111,
979 3282 1073 3374 εἴπερ
1105 3290 1143 3355 11
1169 3291 1328 3356 Η111111·

151 3421 266 3464 corum
295 3396 432 3482 quidem
459 3398 569 3484 prima
598 3405 694 3485 parte
722 3400 827 3465 semel
859 3400 1014 3486 singulae
1036 3392 1242 3484 legimtur¹),
1268 3397 1331 3464 sed

151 3507 189 3573 in
228 3505 439 3592 Cynegetico
482 3513 516 3571 et
556 3529 614 3571 eae
654 3507 787 3574 desunt.
858 3507 991 3573 Deinde
1025 3500 1152 3585 μέντοι,
1189 3495 1244 3589 dq',
1285 3499 1329 3587 γέ,

151 3616 313 3700 leguntur
336 3612 474 3697 quidem
497 3614 535 3679 in
557 3622 701 3700 utroque
724 3616 826 3700 libro,
852 3615 912 3680 sed
934 3637 1070 3701 perrara
1090 3616 1184 3679 sunt:
1210 3611 1331 3699 itaque

154 3745 231 3789 eum
253 3720 509 3786 Hellenicorum
532 3724 662 3809 primae
679 3724 785 3810 partis
801 3730 874 3788 tum
891 3720 1095 3808 Cynegetici
1109 3719 1331 3807 potissimum

155 3851 264 3918 genus
300 3826 438 3893 dicendi
472 3830 614 3896 minime
648 3832 817 3898 variatum
852 3830 1120 3915 distinctumque
1156 3849 1231 3892 esse
1260 3827 1331 3893 iam

154 3940 397 4028 intellegimus,
422 3960 498 4003 eum
521 3939 717 4026 Xenophon
739 3961 809 4004 nou
832 3938 901 4004 nisi
920 3937 1037 4024 paucis
1058 3943 1093 4002 11
1112 3935 1155 4000 iis
1180 3934 1332 4000 maxime

202 4216 211 4230 .
264 4183 292 4251 1)
328 4183 448 4237 Praeter
468 4166 502 4226 αὖ
521 4172 598 4246 quod
616 4171 723 4242 legitur
741 4170 816 4224 Η111.
835 4169 866 4223 Π
880 4171 903 4238 1,
922 4170 948 4238 2,
968 4184 1067 4223 omnes
1085 4165 1151 4221 illae
1169 4163 1334 4238 particulae

156 4272 187 4327 in
215 4272 393 4328 orationibus
422 4268 507 4323 rectis
534 4262 723 4320 inveniuntur
760 4258 862 4330 (τοίνυν
893 4260 920 4315 V
943 4259 968 4328 7,
987 4259 1034 4328 333
1063 4249 1162 4309 οὐκοῦν
1184 4254 1200 4309 I
1228 4254 1254 4323 7,
1283 4255 1334 4325 313

160 4366 237 4432 einep
257 4362 272 4416 I
291 4363 316 4431 7,
335 4359 381 4430 6.).
