2932 4874
622 208 840 271 ...46-

146 389 401 454 Ηο1101110010111
428 410 460 473 p.
485 387 538 451 HI
567 392 600 451 ct
629 386 750 451 breves
782 387 856 451 illes
880 388 1182 454 commentationes
1206 411 1322 475 neque

147 519 203 561 eas
238 518 364 561 01111100.
422 495 509 559 Nam
544 493 888 558 Lacedaemoniorum
911 495 1181 582 Rcmpublicam,
1220 518 1324 582 quam

146 611 285 690 quartae
308 602 412 667 aetati
428 601 713 687 Dittcnbergerus
738 601 868 684 tribuit,
893 607 973 667 ante
993 625 1145 688 pugnem
1160 604 1322 669 Leuctri-

148 735 222 776 cam
246 711 408 796 scriptam
432 731 504 773 0000
529 709 619 772 111101
642 708 1185 795 011000101000001010111101111,
1204 711 1323 797 itaque

146 841 222 884 cum
250 817 347 882 brevi
371 822 522 902 tempore
545 823 622 901 post
655 838 727 879 eam
763 839 914 902 pugnam
937 817 1115 883 interiecto
1151 817 1324 885 Seillunte

144 925 340 1012 Xenophon
364 923 598 1008 expelleretur,
623 923 694 988 illic
717 945 787 987 non
808 923 907 989 modo
923 945 1039 989 omnes
1056 925 1177 990 tertiae
1195 926 1322 992 aetatis

144 1033 259 1116 libros,
275 1031 335 1097 sed
347 1031 450 1096 etiam
461 1030 805 1096 Lacedaemoniorum
821 1031 1080 1117 Rempublicam
1097 1034 1323 1119 compositam

145 1162 219 1204 esse
242 1144 426 1226 oporteret,
464 1137 552 1222 quod
580 1161 657 1203 cum
689 1138 830 1203 minime
858 1138 1031 1224 probabile
1063 1139 1236 1224 videatur,
1277 1163 1322 1206 ne

144 1247 330 1333 particulae
362 1236 427 1330 μήν
455 1245 596 1310 nimiam
624 1245 687 1309 hac
715 1245 751 1309 in
780 1268 817 1310 re
851 1246 1087 1311 auctoritatem
1118 1247 1321 1333 tribuamus,

145 1353 334 1420 cavendum
359 1359 409 1417 001
417 1376 427 1435 ;·
449 1375 491 1415 ex
514 1353 655 1417 aliarum
680 1353 772 1417 enim
797 1353 1036 1439 particularum
1055 1376 1120 1420 usu
1140 1355 1202 1420 vix
1219 1356 1320 1440 quid·

145 1483 246 1546 quam
270 1461 383 1525 afferri
406 1482 505 1546 posse
536 1460 707 1544 existimo,
745 1482 810 1545 quo
845 1460 904 1524 illa
939 1462 1111 1526 sententia
1144 1460 1319 1529 fulciatur.

145 1569 256 1647 Quare
280 1567 432 1632 eiusdem
456 1566 594 1652 quidem
617 1567 752 1651 generis
782 1568 985 1653 scriptorum
1008 1565 1124 1652 (velut
1147 1568 1318 1636 librorum

143 1675 394 1755 historicorum)
425 1673 580 1739 ordinem
608 1697 650 1737 ex
677 1675 920 1761 particularum
944 1698 1007 1739 usu
1031 1676 1195 1740 constitui
1217 1699 1320 1764 posse

146 1805 216 1848 non
251 1805 387 1869 prorsus
422 1804 510 1867 nego
545 1780 616 1861 (cfr.
644 1783 663 1857 ξ
691 1780 760 1865 16),
795 1781 855 1846 sed
890 1804 1006 1847 omnes
1041 1783 1178 1849 tertiae¹
1194 1786 1320 1850 aetatis

142 1891 247 1956 libros
271 1898 350 1954 ante
373 1889 632 1975 Itempublicam
648 1888 993 1954 Lacedaemoniorum
1015 1891 1221 1976 compositos
1243 1914 1319 1958 esse

142 1997 346 2084 persuadere
370 1996 456 2060 mihi
478 2018 548 2061 non
571 2019 718 2083 possum.

446 2187 469 2278 5
494 2190 536 2259 12.
584 2190 627 2259 lle
650 2190 832 2277 tyneoetici
857 2192 1011 2279 tempore.

249 2319 349 2386 Nunc
387 2318 430 2383 ad
471 2318 682 2406 singulorum
717 2318 881 2383 librorum
916 2325 1062 2384 aetatem
1102 2319 1321 2388 circumscri-

145 2427 292 2494 bendam
316 2426 470 2511 aggressi
492 2426 640 2512 primum
668 2425 710 2490 de
735 2426 984 2512 Cynegetico
1008 2425 1116 2492 fusius
1139 2428 1320 2514 aliquanto

143 2534 364 2621 disputemus.
423 2535 465 2597 In
489 2555 554 2618 quo
578 2533 755 2620 particulis
771 2533 1039 2620 Xenophontem
1062 2534 1105 2599 ad
1125 2557 1322 2603 sermonem

145 2640 347 2706 variandum
372 2640 720 2726 distinguendumque
756 2642 894 2706 omnino
930 2641 1000 2706 fere
1027 2664 1097 2714 non
1119 2665 1219 2707 usum
1244 2660 1321 2711 esse

143 2772 243 2836 supra
271 2749 589 2833 demonstravimus,
624 2754 725 2832 atque
749 2748 812 2813 hac
836 2748 877 2813 de
902 2772 1001 2814 causa
1024 2750 1224 2837 scriptorem
1244 2759 1322 2818 arte

141 2858 263 2922 rudem
297 2855 403 2921 fuisse
438 2855 596 2921 diximus.
656 2854 723 2921 Sed
758 2855 824 2920 alia
860 2877 991 2941 quoque
1018 2857 1154 2942 generis
1177 2857 1323 2926 dicendi

141 2964 293 3029 nondum
314 2963 398 3028 culti
414 2964 621 3050 expolitique
639 2963 766 3028 indicia
783 2949 819 3027 111
836 2963 894 3028 illo
910 2963 996 3029 libro
1013 2970 1158 3049 exstant,
1174 2987 1322 3050 quorum

141 3071 383 3156 gravissimum
407 3071 679 3136 enumerationes
704 3071 875 3155 existim0,
911 3093 993 3156 quas
1022 3071 1321 3156 frequentissimas

143 3179 272 3265 sciptor
295 3168 450 3242 1110011111.
508 3179 597 3242 Nam
633 3184 767 3265 praeter
792 3177 951 3243 Chironis
986 3178 1169 3266 discipulos
1205 3183 1321 3267 eapite

142 3286 252 3372 primo
277 3293 489 3350 enumeratos
514 3285 640 3350 similia
663 3286 824 3370 leguntur
848 3290 882 3349 et
904 3286 973 3352 VH
998 3287 1053 3372 15,
1085 3287 1143 3352 ubi
1166 3289 1320 3377 nomina,

144 3392 266 3477 quibus
302 3415 402 3457 canes
438 3400 515 3478 apte
550 3393 713 3478 appellari
747 3399 859 3479 putat,
895 3393 1091 3480 Xenophon
1119 3395 1245 3481 attulit,
1285 3404 1321 3462 et

142 3500 192 3566 IV
207 3503 234 3584 1,
260 3499 321 3564 ubi
340 3499 496 3585 1111111100,
521 3500 643 3584 quibus
668 3523 785 3565 canem
808 3501 1003 3566 venaticum
1026 3501 1218 3587 praeditum
1243 3526 1318 3570 0000

144 3613 299 3693 oporteat
315 3613 567 3691 enumerantur,
591 3613 625 3671 et
638 3631 665 3672 c.
679 3608 711 3673 V
723 3608 776 3692 30,
799 3607 859 3672 ubi
881 3608 1003 3692 quibus
1027 3608 1069 3672 de
1086 3610 1195 3674 causis
1218 3611 1318 3697 lepus

143 3715 270 3779 animal
292 3714 546 3779 velocissimum
570 3715 629 3799 sit,
666 3714 857 3798 disseritur;
882 3715 1004 3800 quibus
1028 3715 1202 3781 addendae
1225 3725 1315 3804 sunt,

144 3844 229 3905 quae
264 3821 436 3887 breviores
471 3822 741 3887 enumerationes
775 3823 938 3907 leguntur
960 3845 988 3886 c.
1011 3823 1067 3887 ΙΠ
1090 3824 1123 3907 23
1151 3824 1202 3891 IV
1225 3826 1257 3911 3,
1281 3828 1314 3909 6,-

140 3928 190 3994 VI
213 3930 244 3994 ὅ.
294 3928 387 4005 Quae
404 3953 424 3994 a
440 3930 603 4015 scriptore
621 3929 771 4013 eleganti
794 3930 940 3994 maxime
964 3929 1141 3995 abhorrere
1165 3939 1313 4019 apparet.

139 4036 228 4102 Nam
251 4042 290 4101 ut
313 4059 434 4101 canum
457 4037 596 4101 nomina
620 4036 652 4101 ei
676 4036 921 4121 condonemuS,
958 4060 1041 4123 quae
1077 4060 1153 4104 cum
1177 4040 1311 4105 adrem

141 4143 172 4207 ei
196 4144 367 4229 pertinere
391 4144 599 4228 viderentur,
624 4144 684 4208 vix
708 4144 774 4209 alio
798 4144 897 4209 modo
921 4145 1028 4209 inseri
1051 4151 1247 4233 potuerunt,
1272 4182 1308 4194 —

141 4251 238 4335 quid,
276 4274 409 4336 quaere,
445 4252 583 4316 adrem
607 4251 814 4316 breviarium
839 4251 924 4316 illud
948 4252 1122 4318 doctrinae
1144 4256 1309 4341 mytholo-

139 4357 255 4444 gicae?
302 4358 392 4423 Satis
416 4357 491 4444 fuit,
516 4366 586 4423 tres
609 4359 665 4424 vel
688 4359 963 4444 quattuorviros
987 4359 1102 4447 fortes,
1128 4362 1187 4449 qui
1211 4386 1309 4429 vena·
