2932 4874
616 224 835 292 ..93-

139 396 331 490 (πρόσοόοι)
366 405 598 492 intellegenda
633 413 727 489 sunt,
762 429 847 492 quae
875 429 957 492 pace
987 404 1173 472 constituta
1197 405 1314 471 statim

139 513 257 598 augeri
280 513 461 601 incipiunt,
486 513 541 578 hic
562 514 691 578 tributa
706 514 833 578 civium
857 506 1045 598 (eloquenti),
1071 536 1153 599 quos
1170 513 1314 600 scriptor

139 620 221 687 belli
243 620 402 685 oneribus
426 620 468 685 ad
491 627 727 708 paupertatem
742 621 895 686 redactos
912 621 1005 687 dicit.
1031 622 1118 686 Tum
1134 620 1313 706 Hagenius
1414 688 1420 705 ,

139 750 257 813 pacem
293 728 327 794 V
350 729 390 793 12
431 734 727 792 commemoratam
770 729 837 793 iam
888 728 1100 813 aliquantum
1150 728 1313 815 temporis

140 833 278 899 durasse
302 834 488 919 existimat,
526 857 600 899 eam
624 857 709 920 quae
732 836 783 901 IV
805 836 850 899 40
885 835 1020 919 dicitur,
1057 835 1155 900 modo
1192 835 1314 900 initam

140 963 222 1025 esse,
248 964 324 1006 cum
347 941 483 1006 libellus
508 949 774 1028 componeretur.
808 942 876 1007 Sed
893 943 1074 1028 quominus
1090 942 1178 1007 hanc
1193 965 1314 1028 pacem

138 1071 292 1113 mensem
315 1047 386 1113 fere
411 1048 549 1114 durasse
578 1057 736 1135 putemus
774 1048 862 1114 nihil
897 1050 1018 1114 obstat.
1064 1049 1221 1134 Denique
1255 1049 1314 1115 ille

138 1155 369 1220 Athenienses
396 1156 486 1221 bello
516 1156 634 1221 sociali
658 1156 814 1221 omnibus
839 1157 938 1221 sociis
962 1157 1113 1242 privatos
1138 1179 1211 1220 esse
1236 1179 1314 1222 con-

138 1261 260 1347 tendit,
285 1286 305 1327 a
327 1263 436 1353 libelli
459 1264 622 1349 scriptore
647 1255 764 1336 πόλεις
779 1252 949 1349 ὑπηκόους
973 1264 1228 1329 commemorari
1244 1264 1262 1328 Ι
1280 1266 1313 1348 13

139 1369 293 1435 sednon
320 1370 390 1434 nisi
424 1394 500 1435 cum
530 1370 625 1435 Chiis
654 1370 814 1454 Rhodiis,
849 1371 1068 1456 Byzantinis,
1107 1370 1185 1435 Oois
1221 1372 1315 1436 illam

139 1499 257 1563 pacem
279 1476 511 1543 Athenienses
535 1477 690 1544 fecerunt
715 1479 832 1559 (Grote
855 1478 910 1544 XI
933 1479 1011 1557 325)
1040 1483 1075 1542 61
1098 1478 1139 1542 ab
1163 1479 1314 1543 Isocrate

138 1582 388 1671 Areopagitica
412 1586 562 1651 oratione
587 1609 614 1651 a.
641 1583 883 1669 3151416616
906 1586 1030 1650 multos
1047 1585 1154 1650 socios
1172 1608 1315 1650 comme·

141 1700 289 1756 moratos
326 1715 399 1757 esse
436 1694 467 1774 (§
498 1694 527 1758 1.
555 1694 604 1758 16.
638 1694 702 1758 134
730 1693 788 1758 cfr.
813 1693 988 1758 Demosth.
1018 1692 1060 1757 de
1089 1715 1210 1757 corona
1239 1692 1315 1773 234)

138 1806 231 1864 16016
255 1800 474 1886 Gleinigerus
502 1824 535 1887 p.
567 1801 607 1864 19
636 1801 778 1866 monuit.
825 1801 946 1885 Itaque
980 1784 1133 1885 Hagenii
1167 1801 1315 1865 rationes

139 1905 183 1971 ad
206 1908 414 1972 sententiam
447 1907 519 1972 eius
547 1907 758 1994 probandam
786 1930 857 1972 non
885 1907 968 1972 satis
998 1907 1115 1972 valent
1140 1913 1174 1971 et
1198 1907 1316 1974 eadem

138 2036 205 2099 pax
240 2019 275 2078 61
308 2014 358 2080 IV
380 2015 425 2078 40
461 2022 494 2079 et
528 2015 561 2080 V
586 2016 627 2079 12
662 2013 895 2100 intellegenda
930 2019 990 2078 est.
1039 2013 1153 2099 Atque
1189 2015 1317 2100 optime

141 2121 361 2207 Gleinigerus
384 2145 417 2208 p.
443 2122 462 2185 7
487 2121 584 2186 dixit.
635 2121 740 2207 „Quis
764 2121 903 2186 tandem
933 2121 963 2185 si
986 2144 1014 2185 a.
1040 2122 1105 2185 346
1130 2122 1233 2186 verba
1257 2144 1315 2186 au-

140 2227 247 2292 disset
270 2228 352 2292 haec
377 2251 404 2293 c.
429 2228 461 2293 V
487 2229 542 2292 12;
566 2222 622 2288 καὶ
644 2223 677 2287 ἐν
697 2227 745 2310 τῷ
761 2227 815 2288 νῦν
829 2220 932 2310 χρόνῳ
950 2219 1006 2287 διὰ
1021 2222 1081 2306 μὲν
1096 2220 1153 2289 τὸν
1168 2220 1318 2307 πόλεμον

140 2327 196 2394 καὶ
219 2334 285 2395 ιιῦν
308 2327 484 2417 προσόδων
507 2326 636 2408 πολλὰς
659 2327 1012 2420 κοιτοιόοπονηθείσσς,
1049 2334 1091 2400 dc
1130 2336 1220 2400 bello
1260 2358 1313 2400 so-

142 2442 221 2506 ciali
243 2464 369 2507 novem
393 2448 471 2506 ante
496 2465 602 2507 annos
627 2442 780 2507 confecto
805 2443 1009 2528 cogitasset?
1055 2443 1093 2507 Si
1119 2441 1210 2508 bello
1240 2466 1318 2508 cnm

140 2548 301 2634 Philippo
325 2554 422 2634 gesto
445 2549 575 2614 reditus
600 2550 700 2614 multi
723 2549 936 2633 deficiebant,
961 2571 1060 2614 nemo
1083 2549 1153 2614 nisi
1174 2550 1314 2615 insanus

140 2663 278 2742 propter
311 2679 430 2742 pacem
465 2678 542 2720 cum
577 2657 694 2722 sociis·
713 2656 839 2722 factam
877 2656 1006 2721 reditus
1046 2657 1164 2741 augeri
1203 2656 1315 2722 dicere

141 2757 302 2848 poterat.“
394 2783 397 2787 ’

248 2871 370 2935 Restat
405 2871 526 2956 igitur,
561 2878 600 2936 ut
629 2870 670 2935 de
698 2872 771 2936 loco
802 2872 878 2936 Va
908 2870 1059 2936 breviter
1092 2870 1315 2958 disputemus,

142 2999 207 3062 quo
238 2978 383 3063 scriptor
405 2978 598 3043 Phocenses
627 2977 798 3043 oraculum
827 2977 1033 3065 Delphicum
1067 2979 1245 3063 reliquisse
1281 2986 1316 3043 et

141 3084 225 3149 alios
260 3084 424 3169 quosdam
457 3086 579 3172 templi
614 3078 822 3169 προστασίαν
857 3085 923 3149 sibi
961 3085 1137 3150 vindicare
1177 3091 1313 3151 conatos

143 3214 217 3256 esse
241 3185 369 3272 dicitl).
417 3191 516 3269 Quod
538 3200 719 3279 postquam
753 3192 807 3256 illi
841 3215 869 3256 a.
906 3193 971 3256 355
1006 3191 1195 3258 Philomelo
1231 3192 1315 3258 duce

140 3305 399 3384 occupaverunt,
423 3321 492 3363 non
515 3299 609 3385 prius
634 3321 735 3384 quam
758 3322 786 3389 a.
812 3299 877 3362 346
900 3299 1124 3385 reliquerunt;
1149 3300 1265 3385 itaque
1285 3301 1315 3364 si

139 3405 240 3470 huius
273 3405 324 3470 161
358 3405 396 3470 111
430 3408 591 3492 opusculo
624 3406 753 3471 mentio
782 3406 837 3491 111,
875 3413 965 3471 06116
993 3429 1062 3471 non
1092 3414 1171 3472 ante
1194 3430 1223 3471 6.
1249 3408 1314 3471 346

141 3513 365 3599 compositum
382 3518 417 3577 et
432 3513 694 3599 aXenophonte
711 3513 860 3578 alienum
878 3520 939 3579 est.
977 3513 1074 3591 Quod
1087 3537 1164 3579 cum
1177 3500 1316 3601 propter

140 3620 291 3685 rationes
315 3643 417 3708 supra
444 3621 613 3707 expositas
636 3621 811 3707 probabile
839 3643 908 3686 non
936 3621 995 3704 sit,
1030 3620 1099 3686 viri
1132 3620 1223 3686 docti
1257 3621 1316 3686 alii

140 3728 208 3793 alio
242 3720 358 3793 modo*
379 3727 459 3793 huic
492 3729 567 3793 loco
603 3727 845 3793 subvenerunt.
905 3728 1052 3793 Oobetus
1089 3729 1180 3794 enim
1216 3729 1315 3809 (Nor.

139 3834 235 3900 Lect.
261 3836 325 3899 759
350 3831 438 3920 sqq.)
462 3836 635 3901 oraculum
650 3859 670 3900 a
685 3834 919 3900 Phocensibus
942 3835 996 3899 bis
1020 3843 1221 3923 occupatum
1243 3859 1315 3901 esse

252 4027 278 4100 1)
315 4034 351 4082 El
371 4027 401 4081 dl
422 4032 470 4080 καὶ
489 4019 564 4087 ὅπως
581 4021 612 4080 τὸ
632 4029 661 4080 ἐν
673 4032 796 4098 Δελφοῖς
817 4020 890 4098 ἱερὸν
904 4020 1061 4100 αὐτόνομον
1079 4021 1172 4101 ὥσπερ
1191 4023 1316 4099 πρόσθεν

139 4122 255 4189 γένοιτο,
270 4122 388 4188 φανεροὶ
402 4122 470 4184 εἴητε
485 4111 708 4190 ἐπιμελούμενοι,
721 4109 760 4189 μὴ
775 4116 1024 4189 σομπολεμοῡντες,
1040 4110 1108 4169 ἀλλὰ
1121 4112 1316 4188 πρεσβεύοντες

141 4201 193 4260 civit
211 4200 258 4274 τὴν
277 4200 402 4271 Ἑλλάδα,
423 4200 476 4277 ἐγὼ
495 4209 548 4280 μὲν
568 4201 650 4259 οὐδὲν
670 4198 704 4258 ἂν
718 4206 798 4279 οἶμαι
812 4198 978 4277 θαυμαστὸν
997 4206 1076 4271 εἶναι,
1101 4211 1126 4260 εἰ
1145 4211 1192 4259 καὶ
1211 4201 1316 4267 πάντας

139 4290 202 4355 τοὺς
216 4289 345 4363 Ἕλληνας
363 4289 566 4368 όμογνιόμονός
584 4316 612 4349 τε
635 4299 683 4347 κιιὶ
706 4290 855 4366 σσνόρκοσς
876 4289 983 4363 λάβοιτε
1007 4295 1049 4349 ἐπ’
1070 4298 1196 4360 ἐκείνους,
1217 4298 1315 4357 οἵτινες

141 4380 307 4439 ἐκλιπόντων
327 4390 448 4438 Φωκέων
467 4379 497 4437 τὸ
518 4378 593 4456 ἱερὸν
612 4380 835 4457 κιιτιιλιι,ιι,1όνεεν
855 4385 1009 4455 ἐπειρῶντο.
