2896 4874
611 181 829 248 ..64-

135 361 310 446 scriberet,
346 361 541 449 Xenophon
576 361 718 427 fortasse
752 362 958 449 Sophaeneti
994 362 1081 428 libro
1120 369 1311 429 commotus

135 475 200 552 est,
226 470 285 554 qui
301 469 473 555 Stephano
488 470 633 554 Byzant.
655 475 742 534 teste
764 469 847 555 Oyri
868 468 1120 557 expeditionem
1136 471 1313 536 enarravit

135 573 292 660 (Mueller
314 577 355 641 F.
379 576 424 640 H.
450 576 490 641 G.
514 575 639 655 1174).

162 659 176 677 ’
241 684 372 766 Restat,
397 688 436 747 ut
459 682 628 748 Anabasis
651 706 695 748 an
707 684 963 749 Hellenioorum
986 685 1091 750 altera
1114 703 1192 771 pars
1213 685 1311 772 prius

139 791 329 876 conscripta
357 812 431 863 esse
454 789 627 875 videatur,
661 791 813 856 breviter
847 790 1061 856 disseramus,
1109 791 1184 869 Qua
1213 791 1251 856 in
1274 814 1312 856 re

135 897 282 985 primum
311 897 352 961 de
375 897 419 961 iis
443 896 625 961 dicendum
649 904 709 981 est,
736 920 821 983 quae
844 898 934 962 Hell.
958 898 1013 962 ΙΠ
1038 900 1066 983 l,
1091 899 1111 962 2
1134 899 1309 984 leguntur,

134 1003 195 1070 ubi
217 1003 413 1090 Xenophon
441 1003 483 1068 de
507 1003 590 1089 Oyri
618 1004 833 1090 expeditione
861 1027 930 1070 non
957 1004 1066 1091 ipsius
1094 1005 1222 1070 librum
1250 1005 1311 1070 sed

135 1208 321 1301 στράτευμά
344 1237 378 1278 σε
401 1211 545 1292 συνέλεξε
567 1212 624 1278 καὶ
648 1218 735 1279 τοῦτ’
761 1209 841 1295 ἔχων
864 1206 962 1302 ἀνέβη
992 1211 1052 1278 ἐπὶ
1080 1210 1137 1279 τὸν
1165 1207 1311 1304 ἀδελφὸν

136 1318 192 1384 καὶ
216 1312 261 1398 ὡς
284 1313 407 1409 ἡμάχη
432 1318 629 1406 ἐγένετοκαὶ
651 1313 864 1398 ὡςᾶπέθανε
887 1318 944 1384 καὶ
969 1313 1013 1398 ὡς
1030 1318 1066 1384 ἐκ
1081 1316 1199 1386 τούτου
1224 1315 1309 1387 ἅπε-

137 1423 296 1516 σώθησαν
327 1423 357 1491 οἱ
382 1421 533 1514 Ἓλληνες
561 1426 621 1492 ἐπὶ
649 1423 836 1507 θάλατταν,
864 1426 1093 1513 Θεμιστογένει
1117 1426 1308 1516 Συρακοσίῳ

5 1591 9 1600 .
136 1532 328 1622 γέγραπται.
374 1538 467 1616 Quae
491 1538 630 1624 quidem
654 1539 842 1605 crux·adeo
866 1538 1070 1625 interpretes
1094 1540 1244 1624 vexavit,
1269 1545 1307 1604 111

47 1730 50 1736 .
134 1645 293 1730 LioniuS,
335 1645 394 1730 qui
432 1643 620 1710 Anabasim
658 1645 768 1710 edidit
804 1669 832 1710 0.
865 1647 964 1729 1822,
1005 1647 1116 1712 locum
1154 1648 1307 1732 spurium

136 1753 264 1818 diceret
287 1749 333 1838 (p
358 1750 492 1836 XVII);
518 1752 608 1837 quod
632 1774 709 1817 oum
732 1753 790 1816 ille
814 1753 1025 1837 argumentis
1046 1753 1128 1817 satis
1144 1753 1308 1839 gravibus

134 1859 275 1946 probare
302 1882 373 1925 non
400 1860 563 1946 potuerit,
600 1858 683 1943 quid
716 1858 809 1923 aliud
835 1858 899 1924 hoo
926 1859 1000 1924 loco
1029 1858 1225 1925 faciendum
1254 1861 1307 1946 sit,

136 1967 322 2032 videamus
354 1966 469 2052 Atque
492 1968 577 2031 Dav.
595 1965 792 2029 Schulzium
807 1965 945 2051 quidem
965 1963 1166 2052 (Oyropaed.
1183 1967 1307 2054 epilog.

135 2096 169 2159 p.
193 2073 248 2151 29)
272 2075 556 2159 Kruegorumque
580 2072 674 2152 (Vita
696 2073 783 2137 Xen.
807 2094 839 2157 p.
866 2069 931 2156 14),
956 2073 1015 2158 qui
1050 2073 1188 2139 omnino
1221 2074 1309 2140 The·

137 2181 364 2266 mistogenem
400 2203 440 2245 ex
475 2181 678 2266 scriptorum
711 2201 852 2245 numero
888 2184 1084 2266 exemptum
1117 2180 1328 2266 voluerunt,

135 2311 198 2353 neo
221 2310 292 2353 non
315 2287 555 2372 Niebuhrium,
591 2286 651 2372 qui
674 2287 975 2373 Themistogenem
998 2294 1219 2373 personatum
1242 2289 1310 2353 Xe·

136 2394 345 2481 nophontem
369 2394 454 2460 dicit
478 2395 576 2476 (Mus,
601 2392 667 2459 Rh.
692 2394 805 2478 1169;
830 2395 960 2462 Vorles
984 2393 1069 2459 fiber
1092 2395 1159 2459 alte
1184 2395 1309 2463 Gesch.

135 2502 171 2567 Π
184 2504 214 2586 2,
239 2501 305 2586 43),
329 2502 451 2567 missos
474 2501 584 2566 facere
608 2523 796 2587 possumus,
820 2524 897 2566 cum
913 2524 990 2566 eum
1007 2508 1313 2588 rerumgestarum

136 2608 336 2695 scriptorem
370 2607 476 2673 fuisse
511 2607 707 2693 Hesychius
741 2615 900 2694 testetur,
937 2608 996 2694 qui
1030 2607 1072 2674 ab
1108 2631 1147 2673 eo
1174 2617 1314 2695 praeter

135 2715 323 2781 Anabasim
336 2737 420 2800 quae
433 2714 670 2802 Xenophontis
682 2715 820 2780 nomine
837 2714 975 2802 feratur,
992 2716 1034 2780 de
1049 2715 1161 2802 patria
1176 2738 1315 2803 quoque

136 2823 312 2908 Syracusis
336 2821 441 2889 libros
465 2823 667 2909 compositos
697 2845 769 2887 esse
797 2822 903 2887 tradit
911 2817 946 2906 ¹).
997 2824 1117 2908 Neque
1147 2823 1316 2890 maiorem

134 2931 394 2995 Bornemannus
418 2952 594 2995 assensum
621 2929 716 3014 tulit,
752 2930 811 3015 qui
834 2930 893 2994 illa
916 2929 1021 2995 verba
1043 2931 1093 2994 ita
1114 2929 1237 3014 vertit,
1275 2939 1317 2997 111

136 3036 414 3122 Themistogenis
439 3037 477 3102 in
492 3060 591 3102 usum
602 3035 789 3102 Anabasim
811 3060 830 3102 a
844 3036 1072 3124 Xenophonte
1089 3037 1317 3122 compositam

136 3166 212 3208 esse
236 3143 363 3209 diceret
387 3145 536 3231 (Epilog.
551 3145 674 3230 Cyrop.
691 3167 723 3230 p.
740 3141 809 3229 47),
833 3167 943 3230 neque
955 3150 1107 3210 nostram
1122 3142 1318 3212 Anabasim

134 3249 374 3338 Xenophontis
406 3274 490 3338 opus
514 3274 587 3316 esse
610 3251 751 3338 probare
775 3251 944 3338 oportebit
980 3249 1052 3332 (cfr.
1077 3251 1226 3337 Krdger,
1271 3252 1317 3319 de

136 3359 313 3424 authentia
337 3364 371 3422 et
394 3359 595 3444 integritate
618 3357 837 3437 Anabaseos).
870 3359 991 3443 Itaque
1014 3359 1105 3422 inter
1129 3357 1212 3423 duas
1235 3381 1316 3427 sen-

135 3467 261 3531 tentias
285 3464 415 3551 ambigi
437 3471 566 3552 potest:
601 3472 659 3530 aut
688 3466 781 3530 enim
805 3465 1086 3549 Themistogenes
1115 3487 1251 3550 quoque
1275 3475 1317 3534 ut

134 3572 325 3659 Xenophon
349 3572 649 3659 Sophaenetusque
672 3570 861 3637 Anabasim
885 3571 1082 3657 composuit,
1114 3577 1173 3635 aut
1200 3571 1315 3658 ipsius

135 3679 261 3745 librum
295 3679 487 3766 Xenophon
521 3680 585 3744 hoc
624 3680 697 3744 loco
733 3677 992 3763 Themistogeni
1025 3677 1156 3743 tribuit.
1196 3679 1317 3767 Atque

139 3786 440 3872 Themistogenem
453 3786 660 3870 AnabaseOS,
685 3808 770 3870 quae
787 3791 977 3871 temporum
993 3785 1176 3870 iniquitate
1192 3787 1317 3855 interi-

134 3893 232 3974 isset,
272 3901 442 3960 auctorem
477 3892 583 3958 iuisse
619 3899 653 3957 et
675 3892 882 3958 Letronnius
911 3892 1313 3977 (salamenses)

225 4157 252 4229 1)
272 4158 375 4213 Suidas
385 4177 406 4214 s.
417 4175 459 4216 v.:
473 4161 674 4230 &qucoroye‘vqc
684 4151 875 4229 Συρακούσιος
886 4151 1030 4229 ἱστορικός.
1050 4150 1146 4227 Κύρου
1155 4146 1314 4227 Ἀνάβασιν,

134 4239 193 4314 ἥτις
212 4249 242 4301 ἐν
260 4253 317 4306 τοῖς
349 4247 525 4318 Ξενοφῶντος
539 4251 652 4318 φέρεται
669 4252 715 4299 καὶ
734 4238 802 4299 cillo
820 4240 881 4300 τινὰ
901 4252 965 4317 περὶ
987 4246 1032 4314 τῆς
1049 4244 1147 4299 ἑαυτοῦ
1166 4248 1313 4318 πατρίδος.

135 4339 186 4393 cfr.
207 4339 241 4392 A.
261 4358 287 4394 v.
308 4338 480 4392 Gutschmid
498 4338 637 4408 (Hesych.
657 4339 699 4392 ed.
719 4339 827 4393 Flaoh..
846 4357 868 4392 s,
889 4357 915 4392 v.
939 4334 1157 4408 Θεμιστογένης).
