2932 4874
608 220 849 285 —101-

144 397 272 485 optime
311 396 558 462 demonstravit
596 399 733 484 Hugius
772 399 975 479 (Unaechth.
1015 399 1047 465 d.
1087 398 1185 486 Apol.
1226 399 1317 486 apud

144 505 309 590 Koechly,
335 503 440 570 Acad.
465 506 594 571 Vorles.
620 506 837 585 1430-39).
889 507 982 584 Quae
1015 530 1084 572 una
1117 508 1204 571 ratio
1240 530 1316 572 cum

144 613 187 678 ad
198 613 323 678 librum
335 636 354 676 a
366 613 596 699 Xenophonte
609 612 872 678 abiudioandum
885 615 967 678 satis
983 615 1122 698 valeret,
1137 638 1223 679 0000
1237 637 1315 679 con-

78 706 81 711 *
143 721 310 805 firmatur,
347 720 436 805 quod
475 720 636 785 stolidum
677 720 907 806 exaggerandi
946 728 1047 806 atque
1086 722 1318 808 amplificandi

144 828 296 893 studium
319 828 548 915 compluribus
583 828 667 893 locis
696 828 994 914 comprehenditur
1029 830 1060 908 (ξ
1083 831 1107 893 4
1130 830 1190 895 cfr.
1214 831 1316 902 Mem.

143 936 193 1002 IV
215 937 246 1021 8,
271 932 315 1018 5).
361 934 470 1019 Adde,
507 935 596 1020 quod
620 943 764 1020 angusto
797 943 898 1021 atque
922 936 1036 1001 ieiuno
1061 937 1202 1002 oonsilio
1226 937 1317 1024 Apo·

144 1043 234 1128 logia
257 1043 442 1129 composita
466 1049 532 1127 000,
568 1042 663 1107 cuius
696 1043 840 1130 scriptor
867 1066 938 1108 non
962 1043 1135 1109 Socratem
1158 1045 1200 1110 ab
1224 1045 1318 1111 omni

143 1158 238 1236 parte
262 1173 363 1236 quam
392 1151 667 1235 eloquentissime
704 1150 887 1215 defendere
920 1151 1048 1236 studet,
1084 1151 1144 1216 sed
1178 1151 1216 1215 in
1250 1175 1318 1217 una

142 1251 363 1342 μεγαληγορίᾳ
375 1265 540 1341 versatur,
554 1281 654 1342 quam
666 1257 707 1322 ab
720 1258 805 1342 aliis,
818 1258 877 1342 qui
889 1258 942 1322 illi
954 1257 1169 1324 defendendo
1183 1281 1319 1345 operam

143 1363 328 1449 dedissent,
352 1387 422 1430 non
446 1365 528 1430 satis
547 1364 775 1452 praedicatam
797 1371 904 1452 putat.
946 1366 1056 1442 Quare
1080 1389 1157 1431 cum
1181 1367 1234 1451 iis,
1259 1367 1319 1452 qui

144 1471 362 1537 subditiciam
385 1470 591 1560 Apologiam
614 1471 741 1537 habent
769 1479 869 1558 atque
893 1473 1159 1559 aXenophonte
1183 1458 1319 1538 alienis-¹

145 1580 275 1664 simam,
293 1580 467 1645 consentio
477 1575 511 1662 ¹).
546 1580 619 1658 Quo
635 1603 715 1645 vero
732 1586 883 1668 tempore
900 1582 1085 1668 composita
1101 1581 1155 1666 sit,
1170 1582 1211 1645 de
1228 1600 1320 1646 aare

144 1687 232 1752 nihil
245 1687 327 1751 satis
341 1693 489 1770 00000000,
515 1688 654 1754 Grotius
671 1688 763 1752 enim
778 1689 800 1752 l.
813 1689 835 1752 l.
854 1711 928 1753 eam
944 1695 1095 1774 tempore
1107 1688 1318 1775 Xenophon·

144 1802 199 1860 teo
213 1801 321 1859 ortam
332 1794 424 1879 dicit,
440 1794 663 1860 Sehenhelius
676 1795 824 1860 secunda
837 1818 864 1860 a.
878 1796 939 1861 Ch.
950 1819 984 1861 n.
996 1797 1128 1860 saeculo
1139 1797 1319 1861 conflatam

145 1901 223 1985 (1.1.
246 1925 281 1988 p.
308 1900 396 1986 147),
443 1903 596 1988 Langius
622 1903 694 1967 sive
718 1903 819 1968 tertio
844 1903 917 1968 sive
942 1902 1089 1968 secundo
1114 1904 1186 1968 sire
1209 1904 1319 1989 primo

145 2034 174 2074 a.
200 2010 279 2075 Chr.
303 2033 336 2074 n.
362 2010 495 2075 saeculo
520 2010 739 2096 compositam
764 2033 836 2075 esse
860 2010 990 2075 iudicat
1013 2008 1048 2090 (l.
1073 2011 1095 2075 l.
1120 2034 1152 2096 p.
1171 2007 1237 2092 28).
1277 2011 1319 2075 Id

144 2140 251 2182 unum
275 2123 421 2201 constat,
453 2117 659 2205 Apologiam
693 2118 855 2204 scriptam
890 2140 963 2182 esse
997 2124 1075 2204 post
1109 2117 1220 2202 Anyti
1254 2117 1319 2182 filii

144 2230 288 2289 mortem
312 2231 346 2289 et
369 2230 552 2309 antequam
576 2225 748 2309 catalogus
772 2225 1014 2311 Xenophontis
1038 2225 1200 2290 librorum
1229 2247 1318 2289 com-

73 2337 79 2345 '
144 2338 335 2418 poneretur.
374 2331 665 2418 Xenophonteum
687 2332 812 2397 librum
837 2355 910 2396 eam
926 2332 1013 2418 legit
1032 2333 1099 2397 Dio
1116 2332 1317 2417 Ghrysosto·

145 2462 237 2522 mus;
263 2438 323 2504 cfr.
348 2462 393 2505 or.
419 2440 581 2505 XXVIII
605 2440 670 2503 535
693 2439 735 2504 R.
760 2462 837 2504 cum
860 2439 926 2525 Ap.
962 2442 981 2518 ξ
1006 2435 1069 2523 62).

317 2668 340 2757 ξ
363 2671 417 2738 29.
465 2671 510 2738 De
533 2670 758 2756 Xenophonteo
783 2671 833 2756 qui
858 2669 965 2739 fertur
989 2670 1151 2756 haesitae.

253 2817 384 2900 Restat,
408 2822 446 2880 ut
470 2815 512 2880 de
535 2815 698 2902 Agesilao
722 2838 876 2900 agamuS‚
914 2838 1014 2900 quem
1047 2816 1147 2880 multi
1183 2815 1320 2901 quidem

147 2923 388 3010 Xenophontis
412 2946 485 2988 esse
508 2929 734 3008 negaverunt,
771 2923 929 2988 nonnulli
951 2923 1176 2987 retinuerunt.
1222 2924 1321 2989 Post-

149 3054 249 3116 quam
266 3031 358 3095 enim
373 3030 639 3096 Valckenaerius
664 3030 831 3110 (Diatribe
855 3029 897 3094 de
913 3028 1034 3114 fragm.
1052 3030 1170 3116 Eurip.
1194 3053 1226 3116 p.
1241 3031 1320 3119 266,

148 3138 191 3204 ad
214 3138 339 3203 Herod.
363 3138 418 3202 III
443 3139 516 3203 134.
541 3139 596 3202 IX
620 3139 677 3220 27,
702 3137 745 3201 ad
767 3139 858 3201 Xen.
883 3137 984 3201 Mem.
1001 3137 1055 3201 IH
1071 3138 1101 3221 3,
1127 3138 1159 3218 9)
1184 3137 1225 3201 de
1249 3138 1321 3201 eius

147 3245 216 3310 fide
240 3245 425 3329 dubitavit,
461 3245 601 3331 plurimi
635 3244 702 3309 viri
731 3244 823 3309 docti
847 3266 921 3309 eam
945 3245 1151 3309 sententiam
1174 3245 1322 3330 amplexi

149 3359 238 3438 sunt,
272 3359 312 3417 ut
347 3352 619 3439 aXenophonte
647 3351 800 3416 libellum
829 3352 979 3416 alienum
1004 3352 1169 3432 dicerent3
1205 3359 1323 3418 contra

257 3584 284 3649 1)
320 3583 507 3638 Valckenaer.
532 3583 569 3637 ad
587 3582 673 3636 Mem.
693 3580 708 3634 I
728 3583 751 3635 1.
771 3581 818 3634 III
836 3582 865 3652 9,
891 3581 1022 3653 800ρο00,
1048 3582 1157 3636 Gomm.
1185 3580 1220 3636 de
1244 3581 1321 3635 Socr.

148 3672 231 3743 Apol.
247 3673 328 3742 1836,
341 3673 420 3743 Hug.
439 3674 457 3726 l.
477 3673 508 3742 l.;
527 3672 563 3726 R.
583 3672 692 3742 Lange,
713 3671 747 3725 de
759 3671 963 3742 Xenophontis
976 3688 1048 3741 quae
1060 3670 1154 3724 fertur
1166 3670 1321 3742 Apologia.

149 3761 232 3815 Halis
254 3763 335 3832 1873,
372 3762 471 3831 Pohle,
490 3761 544 3815 Die
563 3761 676 3832 angebl.
696 3760 953 3831 Xenophontische
971 3759 1114 3832 Apologie
1132 3759 1163 3814 in
1182 3759 1235 3814 ihr.
1250 3761 1322 3815 Ver·

149 3851 280 3906 haltniss
304 3871 328 3905 a.
347 3853 432 3906 Mem.
452 3851 537 3906 IVS.
558 3851 640 3920 1874,
660 3850 801 3919 Schenkl,
829 3851 903 3903 Xan.
924 3849 1003 3904 Stud.
1033 3848 1064 3902 II
1091 3867 1118 3920 p.
1148 3849 1208 3904 135.
1239 3850 1322 3919 1875,

150 3941 248 4011 Grote,
267 3942 304 3996 H.
325 3940 358 3995 of
374 3941 408 3995 G.
428 3940 503 3995 VIII
522 3941 582 3994 641.

257 4032 286 4099 2)
324 4031 403 4100 Geel,
422 4031 466 4085 De
484 4029 689 4102 Xenophontis
707 4028 851 4101 Apologia
870 4027 996 4082 Socratis
1015 4046 1048 4081 00
1064 4032 1211 4099 postremo
1229 4027 1324 4099 capite

150 4119 383 4175 Memorabilium
402 4140 429 4192 p.
449 4121 492 4174 23.

259 4211 287 4277 3)
305 4211 344 4264 Et
364 4214 578 4282 oppugnatores
597 4213 626 4263 et
645 4208 809 4263 defensores
828 4207 917 4262 libelli
936 4206 1052 4277 collegit
1071 4207 1105 4262 G.
1119 4206 1261 4278 Sauppius
1280 4205 1323 4260 ed.

152 4301 222 4371 Vp.
244 4302 307 4369 126,
337 4299 441 4370 quibus
464 4298 602 4354 Eversius
631 4298 806 4369 (Xenophon
832 4297 974 4368 quomodo
994 4295 1122 4367 Agesilai
1150 4314 1245 4351 mores
1276 4297 1323 4351 de-

152 4390 299 4461 scripserit
319 4390 387 4443 1883
405 4409 432 4461 p.
452 4390 479 4458 2)
500 4406 547 4443 000
566 4387 684 4458 addidit,
704 4387 753 4458 qui
772 4385 961 4442 recentissimi
980 4391 1169 4442 accesserunt.
