2932 4874
626 233 845 302 *92*

143 416 206 482 illo
229 422 383 504 tempore
412 439 479 505 pax
506 417 597 482 inter
621 416 778 482 civitates
803 417 948 483 Graecas
971 416 1118 482 iniretur
1141 421 1175 481 et
1198 440 1227 482 a.
1252 416 1318 483 361

144 547 187 590 11
211 546 297 610 quae
322 524 493 589 Thebanis
516 523 648 590 faveret
671 523 775 589 factio
799 524 952 611 superior
975 523 1066 589 facta
1087 523 1319 590 Callistratum

145 632 333 718 expelleret
369 632 495 716 (Grote,
520 633 564 697 H.
589 630 628 696 of
648 632 688 697 G.
718 631 755 695 X
776 630 843 695 482
866 655 907 715 n;
933 631 1086 716 Curtius,
1113 633 1171 698 Gr.
1196 632 1318 699 Gesoh.

144 733 228 803 III5
251 739 328 804 460.
354 734 454 822 791.).

436 913 459 1002 ξ
482 916 537 984 25.
585 916 627 983 De
652 915 754 984 libello
779 909 857 1001 περὶ
882 907 1039 1003 ἱππικῆς.

135 1057 137 1061 ’
255 1060 427 1125 Libellum
466 1059 509 1124 de
546 1082 583 1124 re
622 1059 771 1145 equestri
808 1067 886 1146 post
920 1059 1191 1147 Hipparchieum
1231 1083 1321 1126 com-

146 1167 314 1254 positumx
333 1190 406 1232 esse
439 1167 536 1252 mihi,
572 1189 777 1253 quamquam
807 1166 984 1231 Nitsohius
1025 1174 1140 1254 negat,
1177 1174 1321 1253 constat,

148 1297 227 1340 cum
251 1274 348 1339 illum
370 1274 486 1341 laudet
501 1275 697 1362 Xenophon
720 1297 759 1335 π.
774 1263 866 1335 Ἱππ.
887 1274 961 1339 ΧΠ
979 1275 1035 1339 14:
1061 1261 1083 1335 d
1104 1269 1140 1336 de*
1159 1266 1322 1358 ἱππάρχῳ

146 1374 312 1466 προσήκει
340 1374 461 1445 εἰδέναι
488 1402 523 1443 τε
550 1377 607 1443 καὶ
631 1372 803 1467 πράττειν,
833 1375 866 1442 ἐν
894 1373 992 1464 ἑτέρῳ
1016 1372 1102 1464 λόγῳ
1127 1373 1321 1467 δεδήλωται.

146 1490 213 1554 llle
235 1512 317 1555 vero
341 1488 432 1570 (Abs.
458 1489 489 1554 d.
515 1491 649 1555 Hellen.
673 1513 706 1576 p.
724 1491 767 1554 52
784 1485 867 1575 seq.)
890 1489 971 1555 libri
993 1490 1176 1554 maximam
1192 1497 1324 1576 partem

148 1597 318 1664 Scillunte
342 1596 504 1685 scriptam
528 1605 563 1663 et
577 1599 633 1662 XI
651 1598 780 1661 10-12
802 1602 978 1683 totumque
1000 1604 1101 1684 caput
1116 1597 1190 1662 XII
1204 1604 1323 1684 postea

148 1704 306 1770 additum
329 1727 402 1770 esse
425 1709 532 1791 putat.
581 1705 690 1781 Quam
718 1705 755 1768 in
784 1705 990 1769 sententiam
1012 1705 1106 1769 nulla
1133 1704 1200 1770 alia
1224 1728 1324 1770 causa

149 1818 338 1877 commotus
359 1811 484 1878 abiisse
503 1811 650 1897 videtur,
672 1835 711 1876 ac
730 1811 918 1898 cupiditate
939 1811 1222 1898 encyclopaediae
1244 1835 1324 1877 suae

149 1917 396 1984 defendendae.
432 1919 698 2006 Xenophontem
716 1920 808 1984 enim
825 1919 991 1986 Scillunte
1013 1956 1054 1964 -
1072 1919 1212 1986 Catonis
1230 1920 1323 1985 soili-

148 2031 206 2092 cet
229 2025 350 2091 ducem
374 2032 409 2091 et
432 2028 624 2114 exemplum
648 2065 689 2072 -
717 2027 922 2114 ,Praecepta
945 2026 988 2091 ad
1011 2021 1119 2092 filios“
1146 2049 1323 2114 composu-

148 2133 219 2198 isse
247 2139 359 2220 putat,
387 2134 567 2219 encyclion
591 2157 706 2199 earum
728 2157 841 2199 rerum
865 2134 1095 2220 disciplinam,
1121 2157 1205 2220 quae
1229 2135 1324 2201 iuve-

148 2263 231 2306 nem
254 2240 403 2306 nobilem
427 2239 599 2326 decerent,
625 2242 721 2307 cuius
745 2242 855 2328 operis
873 2243 1132 2327 Cynegeticum,
1156 2242 1266 2308 libelli
1282 2243 1325 2307 de

148 2371 187 2414 re
212 2349 361 2434 equestri
383 2349 532 2437 priorem
555 2349 649 2414 illam
672 2355 813 2436 partem,
838 2349 1115 2434 Oeconomicum,
1140 2350 1197 2414 vel
1219 2351 1324 2414 Lace-

150 2456 407 2522 daemoniorum
418 2456 678 2543 Itempublicam
690 2464 803 2542 partes
819 2456 925 2521 fuisse
942 2463 1067 2522 censet.
1101 2457 1198 2535 Quod
1214 2479 1325 2543 neque

150 2586 213 2650 per
237 2586 272 2628 se
294 2564 481 2630 verisimile
506 2572 540 2630 et
562 2564 606 2628 iis
631 2565 713 2629 satis
737 2563 922 2629 refutatum
946 2570 1011 2649 est,
1036 2587 1122 2650 quae
1146 2563 1188 2628 de
1212 2565 1324 2650 (lyne-

151 2670 259 2757 getici
283 2677 392 2736 aetate
417 2694 517 2758 supra
541 2671 800 2758 disputavimus
840 2673 957 2738 Unum
980 2694 1061 2736 vero
1083 2679 1323 2757 argumentum

151 2783 214 2862 est,
240 2800 305 2863 quo
328 2778 453 2844 librum
478 2779 519 2844 de
542 2802 579 2843 re
603 2779 752 2864 equestri
779 2802 849 2844 non
873 2779 1033 2844 continuo
1051 2763 1215 2864 scriptum
1240 2802 1323 2864 esse,

152 2884 213 2950 sed
236 2886 378 2951 alteram
400 2893 532 2973 partem
556 2886 732 2971 Soillunte,
757 2887 897 2951 alteram
921 2909 949 2951 a.
974 2887 1049 2971 369,
1083 2908 1148 2972 quo
1173 2893 1324 2973 tempore

150 2993 421 3080 Hipparchicum
459 2994 654 3079 Xenophon
693 3000 926 3080 componeret,
966 2993 1164 3058 confirmare
1199 2995 1323 3080 studet,

151 3099 213 3165 sed
237 3123 278 3165 ex
301 3123 339 3165 eo
356 3100 541 3186 quidquam
557 3101 648 3166 effici
663 3123 762 3187 posse
777 3123 877 3187 nego.
916 3101 1003 3166 Cum
1019 3101 1111 3166 enim
1127 3101 1324 3188 Xenophon

151 3206 254 3272 initio
288 3208 370 3273 noni
406 3208 527 3295 capitis
562 3216 663 3294 atque
693 3207 873 3273 undecimo
902 3215 1046 3274 exeunte
1073 3230 1127 3273 res
1155 3232 1262 3294 usque
1286 3233 1326 3276 eo

152 3314 344 3403 disputatas
368 3315 631 3401 comprehendat
653 3316 869 3401 breviterque
892 3322 1038 3403 repetat,
1063 3316 1239 3382 Nitsohius
1262 3316 1326 3382 hae

151 3445 189 3487 re
212 3421 354 3508 probare
377 3423 466 3508 vult,
491 3423 676 3510 pristinum
698 3423 824 3488 librum
848 3430 922 3489 octo
951 3423 1051 3489 modo
1079 3424 1191 3510 priora
1215 3424 1327 3511 capita

152 3529 464 3616 comprehendisse,
508 3553 585 3595 cum
624 3531 811 3617 appendice
844 3532 943 3616 noni,
980 3531 1117 3615 decimi,
1152 3531 1327 3596 undecimi

151 3643 287 3724 praeter
309 3660 379 3723 par.
407 3638 551 3722 10-12;
576 3637 636 3703 has
665 3661 745 3704 vero
774 3638 1002 3725 paragraphos
1027 3661 1104 3703 cum
1127 3638 1326 3704 duodecimo

152 3745 266 3831 capite
282 3744 416 3810 additas
434 3767 517 3831 esse,
543 3768 608 3831 quo
624 3752 776 3833 temporo
792 3745 1041 3832 Hipparchicus
1058 3752 1325 3832 componeretur.

153 3852 249 3929 Quae
271 3852 358 3917 mihi
381 3853 523 3917 minime
553 3854 739 3941 persuasit,
775 3874 851 3918 oum
880 3853 948 3918 tria
975 3852 1034 3917 illa
1064 3852 1176 3938 capita
1199 3876 1326 3940 appen-

152 3958 265 4024 dicem
289 3982 362 4025 esse
377 3983 507 4045 negans
532 3984 571 4026 ea
593 3967 726 4047 partem
746 3961 826 4026 libri
847 3959 1071 4025 necessariam
1088 3959 1208 4025 dicam.
1237 3961 1327 4026 Nam

153 4089 232 4132 cum
254 4088 361 4152 usque
386 4090 425 4133 eo
449 4067 491 4132 de
515 4068 611 4154 equis
635 4067 846 4154 disputatum
870 4067 925 4147 sit,
950 4067 1065 4153 quales
1090 4090 1162 4132 1111
1186 4068 1326 4151 soleant,

152 4196 243 4240 nono
267 4175 379 4262 capite
402 4175 570 4261 quomodo
595 4198 680 4262 equo
702 4175 868 4240 utendum
885 4175 931 4240 sit
946 4174 1139 4259 disseritur,
1170 4175 1229 4260 qui
1253 4174 1326 4240 sive

153 4282 297 4348 alacrior
320 4282 394 4347 sive
417 4282 576 4369 ignavior
600 4289 703 4368 esset,
729 4305 830 4369 quam
854 4283 1006 4366 deberet;
1033 4282 1165 4348 decimo
1187 4281 1327 4347 undeci-

153 4411 290 4477 moque,
327 4391 494 4477 quomodo
529 4391 572 4456 ad
607 4391 872 4457 ostentationem
906 4397 1006 4478 atque
1037 4413 1196 4478 pompam
1221 4412 1327 4477 equus

1116 4493 1132 4552 7
