2932 4874
607 250 649 258 —
699 216 761 279 loo
810 250 849 259 -

141 392 215 456 ret?
259 390 370 477 Adde,
394 389 484 478 quod
499 392 643 458 Photius
667 416 707 458 eo
730 393 850 458 ordine
874 394 1009 460 illorum
1033 396 1172 461 nomina
1194 419 1307 484 propo·

142 499 249 565 suisse
273 500 424 584 videtur,
452 505 491 565 ut
514 523 592 565 eum
613 501 761 587 priorem
785 508 1075 587 commemoraret,
1111 503 1171 588 qui
1206 510 1309 570 aetate

141 607 249 672 maior
272 614 375 690 esset3
400 607 515 693 itaque
532 631 573 672 ex
589 608 651 673 hac
672 631 804 694 quoque
821 632 857 673 re
874 609 1137 696 Xenophontem
1152 611 1310 677 maiorem

141 713 412 800 intellegendum
436 737 508 780 esse
532 709 703 802 apparet¹)
737 713 811 798 (cfr.
836 718 959 803 Hagen
983 718 1004 782 l.
1030 718 1051 782 l.
1075 741 1108 804 p.
1125 714 1183 801 64)
1212 725 1247 784 et
1274 719 1310 784 de

145 828 243 910 patre
266 821 518 910 Xenophontio,
544 822 708 909 Aeschyli
732 823 933 908 adversarii,
970 824 1059 889 nihil
1082 831 1217 890 constat
1240 823 1309 908 (cfr.

141 952 174 1016 p.
189 930 209 993 3
222 937 256 996 et
267 927 334 1014 26).
371 931 481 1009 Quare
495 953 581 1016 quae
593 938 794 1017 argumenta
806 954 847 995 ex
859 954 983 1017 genere
998 931 1135 997 dicendi
1145 933 1310 999 Isocrateo

142 1037 252 1124 magis
276 1060 376 1122 quam
400 1037 652 1124 Xenophonteo
675 1038 910 1104 Beckhausius
934 1039 1048 1124 duxit,
1077 1039 1201 1125 quibus
1225 1040 1310 1127 Age·

141 1144 263 1209 silaum
285 1146 403 1232 nepoti
426 1145 645 1211 tribuendum
670 1168 742 1210 esse
767 1146 1030 1230 demonstraret,
1065 1170 1104 1212 ea
1138 1146 1254 1213 futilia
1276 1171 1310 1214 ac

140 1252 332 1317 reiectanea
348 1258 437 1337 sunt,
461 1253 662 1339 praesertim
680 1275 755 1318 cum
772 1276 815 1317 ne
831 1260 923 1319 recte
944 1253 1082 1339 quidem
1098 1254 1310 1340 iudicaverit,

143 1360 202 1444 qui
224 1358 379 1444 Agesilai
413 1382 522 1447 genus
557 1359 695 1425 dicendi
717 1361 925 1426 Isocrateum
961 1361 1079 1426 decere
1115 1361 1208 1427 dicat
1241 1362 1311 1444 (cfr.

141 1467 253 1552 Blass‚
288 1467 363 1533 Att.
387 1467 608 1532 Beredsamk.
637 1466 783 1547 11451).
830 1469 948 1553 Neque
971 1469 1158 1555 particulae
1194 1463 1229 1551 γὲ
1251 1461 1312 1555 μήν

142 1597 241 1639 usum
283 1573 599 1660 frequentissimum
638 1575 756 1661 nepoti
803 1575 1023 1640 tribuendum
1064 1599 1137 1641 esse
1178 1577 1313 1664 probari

142 1688 269 1768 potest;
294 1706 374 1748 nam
397 1683 511 1769 plures
535 1689 615 1748 sunt
637 1683 876 1769 Xenophontis
899 1683 989 1768 libri,
1014 1706 1155 1769 quorum
1179 1684 1209 1749 is
1233 1708 1311 1750 usus

107 1829 110 1833 <
140 1790 296 1876 proprius
332 1795 397 1874 est,
436 1813 536 1875 quam
571 1797 609 1855 ut
642 1813 698 1855 eos
722 1812 838 1855 omnes
863 1791 904 1856 ab
929 1813 968 1856 66
993 1792 1119 1856 alienos
1142 1798 1311 1879 patemus3

140 1896 375 1963 Beckhausius
398 1919 479 1962 vero
514 1897 577 1962 hac
611 1921 680 1962 una
707 1920 807 1963 causa
835 1904 1021 1963 commotus
1045 1899 1312 1985 Hipparchicum

103 2014 109 2023 '
142 2011 176 2069 et
199 2004 287 2069 Rem
310 2011 501 2089 equestrem
524 2028 588 2070 nec
611 2028 680 2070 non
703 2005 856 2070 libellum
881 2004 923 2070 de
946 2006 1172 2092 vectigalibus
1196 2008 1314 2094 nepoti

141 2111 199 2176 dat
222 2111 267 2198 (p.
288 2112 340 2176 71.
366 2109 433 2194 63).
469 2112 617 2179 Omnino
641 2118 753 2176 autem
778 2113 909 2177 nullum
925 2121 1163 2198 argumentum
1187 2115 1312 2199 attulit,

140 2241 206 2305 quo
230 2219 272 2285 ab
295 2219 434 2284 homine
456 2219 719 2307 aXenophonte
742 2221 842 2306 plane
866 2220 977 2285 alieno
992 2220 1223 2287 laudationem
1239 2245 1314 2309 prc-

140 2326 265 2392 fectam
288 2349 358 2392 non
382 2350 455 2392 esse
478 2328 648 2414 probetur.
695 2328 815 2412 Itaque
838 2329 932 2392 nulla
956 2350 1056 2393 causa
1080 2335 1146 2412 est,
1172 2351 1232 2394 our
1257 2353 1314 2394 ne·

140 2441 255 2522 potem
279 2435 376 2499 illum
413 2472 454 2479 -
490 2435 519 2499 si
542 2458 648 2522 nepos
673 2433 740 2499 fuit
777 2472 817 2480 —
854 2435 957 2500 libros
994 2435 1222 2523 composuisse
1258 2443 1316 2502 aut

141 2542 238 2608 libris
273 2542 331 2606 avi
366 2541 507 2608 edendis
543 2565 679 2628 operam
713 2542 848 2608 dedisse
876 2543 1110 2608 existimemus
1120 2538 1156 2626 2).
1204 2544 1314 2609 Bech-

142 2649 281 2714 hausius
305 2672 385 2715 vero
409 2672 479 2715 non
501 2649 600 2715 modo
624 2650 837 2736 Agesilaum,
875 2649 1108 2737 Cynopaediae
1133 2650 1315 2736 epilogum,

142 2756 360 2845 Apologiam,
396 2758 599 2844 Cynegetioi
634 2758 842 2845 prooemium
872 2764 906 2822 et
929 2764 1079 2822 extrema
1103 2757 1169 2822 duo
1194 2759 1314 2844 capita,

144 2865 331 2930 sedetiam
358 2865 512 2930 libellum
541 2865 583 2930 de
607 2864 837 2951 vectigalibus
872 2888 891 2929 a
925 2871 1050 2952 nepote
1080 2865 1315 2951 compositum,

142 2973 398 3039 Hellenicorum
413 2972 489 3039 libr.
506 2973 683 3058 HI—VII,
698 2972 913 3056 Convivium,
931 2972 1211 3059 Hipparchicum,
1228 2973 1317 3038 Rem

144 3087 344 3167 equestrem,
365 3080 710 3146 Lacedaemoniorum
726 3080 985 3167 Rempublicam
1002 3079 1044 3145 ab
1063 3102 1100 3145 eo
1116 3085 1319 3145 rectractata

144 3211 217 3254 esse
253 3187 337 3253 dicit
360 3185 407 3276 (p.
432 3189 475 3253 65
500 3211 609 3274 seqq.;
640 3186 700 3253 cir.
725 3189 761 3252 Z.
787 3186 810 3252 f.
836 3187 1079 3272 Gymnasialw.
1106 3188 1200 3271 1872,
1226 3185 1317 3270 225).

143 3296 310 3361 Linokius
334 3295 458 3360 deinde
481 3295 733 3360 Beckhausium
762 3301 896 3359 secutus
921 3294 1182 3361 Oeconomicum
1210 3317 1230 3358 a
1258 3317 1320 3360 ne-

143 3410 222 3491 pote
230 3398 263 3488 ³),
288 3402 441 3469 libellum
462 3403 503 3468 de
519 3403 701 3468 venatione
718 3409 752 3467 et
768 3402 955 3468 Anabasim
978 3401 1087 3488 ipsam
1102 3401 1144 3466 ab
1166 3400 1319 3487 homine,

145 3511 204 3597 qui
227 3511 335 3599 ipsius
351 3510 593 3598 Xenophontis
618 3509 862 3576 consuetudine
885 3532 965 3574 usus
990 3515 1024 3573 et
1047 3531 1153 3595 nepos
1174 3507 1322 3575 fortasse

253 3670 281 3738 1)
304 3670 406 3741 Progr.
426 3669 571 3740 Rogasen.
591 3688 616 3723 a.
637 3669 806 3739 1871129
830 3665 1029 3721 Beckhausius
1047 3666 1188 3721 Photium
1207 3684 1323 3723 errasse

144 3759 284 3828 coneedit,
303 3765 401 3814 tamen
419 3759 642 3830 Xenophontem
656 3757 798 3813 minorem
816 3757 847 3811 in
866 3757 924 3810 illis
942 3755 1038 3812 verbis
1056 3757 1146 3811 latere
1161 3756 1321 3827 existimat,

145 3868 231 3923 quem
251 3851 286 3904 ab
306 3848 356 3903 illo
375 3866 441 3903 cum
460 3867 515 3905 avo
534 3848 688 3903 confusum
706 3865 767 3902 6666
785 3846 864 3902 dicit.

251 3940 280 4007 2)
300 3938 473 3994 Beckhausii
486 3937 661 3994 sententiam
671 3938 706 3992 de
715 3936 909 4008 Xenophonte
921 3941 1026 4008 nepote
1036 3934 1166 4006 Agesilai
1178 3934 1324 4006 scriptore

144 4029 279 4102 probavit
304 4027 456 4100 Eversius,
485 4028 648 4099 Xenophon
676 4027 820 4098 quomodo
848 4025 977 4097 Agesilai
1004 4042 1099 4080 mores
1125 4023 1323 4096 descripserit.

146 4121 225 4175 1883.
265 4120 315 4175 .6.

243 4139 281 4273 p1)
299 4207 417 4278 Lincke,
436 4208 615 4280 Xenophons
628 4206 734 4277 Dialog
751 4208 814 4276 περὶ
829 4210 991 4276 οἰκονομίας
1003 4204 1034 4258 in
1047 4204 1141 4259 seiner
1153 4207 1322 4278 urspriingl.

146 4300 267 4354 Gestalt.
304 4299 380 4354 Jena
409 4298 491 4368 1879;
529 4298 565 4355 ct.
594 4297 721 4353 Schenkl
747 4293 896 4351 Bursian’s
924 4293 1092 4350 Jahresber.
1122 4295 1201 4364 1879,
1229 4313 1256 4365 p.
1279 4297 1323 4351 17.

145 4388 212 4462 Ipse
229 4387 337 4443 librum
356 4405 414 4442 non
433 4385 501 4441 vidi.
