2932 4874
608 173 762 238 ..1104
807 209 848 219 -.

142 352 252 438 magis
286 351 492 419 rhetoricum
531 374 632 436 quam
666 352 703 417 in
742 351 863 417 ceteris
898 350 1139 438 Xenophontis
1177 350 1294 438 scriptis

142 458 264 543 (BlasS,
301 460 374 525 Att.
410 457 548 524 Bereds.
582 459 674 546 Hp.
698 457 788 543 447),
829 482 905 524 cum
928 459 1014 525 alius
1050 481 1160 524 sermo
1198 458 1295 524 deceat

141 568 267 633 librum
283 568 492 650 historicum,
517 568 602 632 alius
619 566 897 653 disputationem,
922 567 1007 632 alius
1024 565 1293 632 declamationem.

142 676 261 761 Neque
299 676 423 760 magis,
472 697 557 760 quae
595 697 614 739 a
640 697 721 740 vero
753 675 970 740 abhorrentia
1008 675 1170 759 leguntur
1210 672 1293 759 Ages.

142 783 211 849 VH
237 785 264 848 1.
295 783 329 865 6;
365 785 402 846 Χ
425 777 478 861 41)
513 782 698 869 premenda
725 789 820 865 sunt,
851 805 927 847 cum
954 781 1037 846 talia
1061 780 1294 847 declamationis

143 890 300 977 scriptori
323 890 397 955 dari
420 890 561 977 possint,
595 890 654 974 qui
678 889 714 954 in
731 890 839 955 maius
861 890 1004 975 extollit,
1029 912 1115 974 quae
1138 887 1294 970 laudanda,

142 998 276 1081 minuit,
302 1019 387 1083 quae
410 996 639 1083 vituperanda
662 1019 735 1061 esse
758 997 921 1063 videntur
949 997 1065 1082 (quare
1088 995 1295 1061 Mantinensis

142 1128 278 1192 pugnae
315 1105 453 1170 omnino
476 1105 673 1170 memoriam
707 1126 777 1169 non
812 1101 933 1186 fecitl).
982 1103 1051 1169 Sed
1085 1105 1203 1191 inepta
1234 1107 1296 1167 sunt

144 1218 246 1297 atque
277 1209 439 1296 absurda,
475 1234 560 1296 quae
584 1211 739 1297 Agesilai
774 1211 917 1298 scriptor
945 1217 1059 1276 narrat
1081 1211 1114 1277 V
1139 1212 1172 1276 1:
1207 1206 1296 1288 διμοι-

146 1312 221 1401 ριάν
244 1339 278 1400 γε
300 1311 365 1404 μὴν
388 1310 563 1398 λαμβάνων
596 1313 629 1378 ἐν
661 1317 734 1392 ταῖς
758 1311 891 1392 θοίναις
916 1308 972 1396 σιἰχ
997 1307 1091 1392 ὅπως
1115 1306 1297 1402 ἀμφοτέραις

147 1422 272 1511 ἐχρῆτο,
309 1415 393 1487 δλλδ
417 1420 621 1505 διαπέμπων
656 1415 827 1510 οὐδετέραν
861 1415 950 1507 adipi
984 1418 1194 1501 κατέλειπεν,
1231 1444 1298 1510 quae

145 1534 176 1599 si
197 1556 279 1600 vera
303 1540 417 1598 essent
441 1570 482 1578 —
507 1557 577 1599 non
601 1534 694 1598 enim
716 1524 881 1606 πολλάκις
904 1539 962 1597 aut
985 1533 1053 1597 tale
1069 1531 1200 1618 aliquid
1222 1529 1298 1596 addi-

146 1642 199 1707 dit
221 1642 280 1706 ille
297 1678 338 1686 -
355 1641 534 1726 Agesilaus
551 1640 640 1706 fame
657 1640 831 1706 confectus
849 1646 938 1705 esset
962 1636 1181 1726 (efrsHaupt.
1194 1637 1299 1703 Philol.

148 1750 243 1834 1848,
263 1744 369 1828 5462).
416 1748 511 1813 Idem
540 1771 621 1814 vero
654 1748 885 1833 amplificandi
921 1754 954 1812 et
987 1747 1135 1833 augendi
1170 1746 1301 1812 studium

147 1856 414 1943 deprehenditur
430 1857 499 1922 VH
514 1858 545 1940 ὅ,
568 1856 628 1921 ubi
652 1855 769 1920 decem
785 1854 856 1920 fere
872 1855 967 1920 milia
982 1854 1132 1920 hostium
1153 1855 1302 1941 inpugna

147 1963 237 2051 apud
261 1963 464 2029 Corinthum
488 1964 666 2029 commissa
688 1963 815 2028 occisos
844 1985 916 2027 esse
939 1962 1045 2027 tradit
1073 1953 1180 2045 (ἐγγὺς
1208 1953 1303 2044 μύριοι

146 2070 212 2131 τῶν
235 2059 450 2154 ἀντιπάλων),
475 2093 552 2136 cum
575 2070 745 2135 Diodorus
767 2070 856 2137 XIV
871 2071 914 2135 83
939 2069 1004 2134 duo
1028 2069 1124 2134 milia
1144 2069 1303 2153 octingen-

147 2184 200 2243 tos
225 2177 423 2243 interfectos
448 2201 520 2242 esse
544 2177 665 2242 tradat.
714 2177 788 2253 Qua
810 2177 848 2242 in
870 2200 906 2241 re
926 2176 1197 2242 luculentissime
1220 2195 1304 2262 appa·

148 2308 222 2350 rere
246 2285 422 2370 existim0,
447 2285 602 2371 Agesilai
625 2284 825 2371 scriptorem
847 2308 866 2350 a
888 2284 1120 2370 Xenophonte
1148 2282 1306 2348 diversum

148 2415 235 2476 esse;
262 2415 339 2458 cum
364 2393 455 2458 enim
479 2393 536 2456 ille
560 2392 596 2456 in
612 2392 801 2457 Hellenicis
826 2387 1050 2476 παμπληθεῖς
1072 2390 1137 2451 ιιῦν
1153 2381 1307 2468 πολεμίων

148 2501 251 2581 (Hell.
276 2501 326 2566 IV
350 2501 379 2585 3,
407 2497 439 2582 1)
464 2500 591 2564 occisos
627 2522 699 2564 esse
727 2499 883 2585 legisset,
919 2521 978 2564 suo
1013 2498 1154 2564 arbitrio
1189 2489 1307 2582 μορίοις

148 2608 338 2673 substituit.
385 2607 451 2672 Tot
474 2629 556 2672 vero
579 2606 695 2671 hostes
725 2606 755 2671 si
778 2605 968 2691 interfecti,
1003 2628 1113 2691 neque
1136 2605 1308 2692 pauciores,

148 2714 185 2780 id
220 2714 310 2801 quod
344 2714 419 2780 fieri
454 2715 554 2800 solet,
588 2712 761 2778 vulnerati
796 2718 925 2797 essent,
961 2736 1001 2777 ex
1036 2734 1160 2797 magno
1189 2713 1312 2777 illorum

150 2823 303 2889 exercitu
325 2845 395 2888 non
417 2823 493 2908 plus
511 2844 611 2908 quam
627 2843 686 2886 sex
702 2820 797 2885 milia
813 2820 962 2886 militum
986 2821 1173 2885 incolumes
1198 2819 1313 2885 evasis-

150 2925 270 3015 senil).
306 2931 426 3015 Itaque
450 2952 520 2995 non
537 2929 665 3013 dubito,
690 2928 774 3014 quin
796 2951 865 2993 non
881 2928 980 2993 modo
996 2928 1144 3014 primum
1165 2929 1315 2992 alterum·

151 3061 215 3124 que
232 3045 334 3124 caput
357 3034 388 3121 (Ι
404 3038 525 3102 6-ΠΙ
542 3031 585 3121 1),
610 3035 671 3101 sed
694 3042 786 3101 totus
801 3035 889 3101 liber
912 3059 931 3100 a
946 3035 1177 3120 Xenophonte
1195 3035 1319 3100 alienus

150 3145 206 3212 sit.
240 3145 455 3230 Compositus
478 3166 559 3210 vero
582 3144 718 3210 libellus
743 3149 833 3208 certe
856 3150 934 3229 post
962 3166 990 3207 a.
1016 3143 1080 3206 357
1105 3139 1200 3225 (ante
1225 3164 1322 3229 quem

150 3275 277 3319 annum
293 3252 473 3318 Helleuica
485 3251 639 3317 confecta
654 3273 809 3316 essenon
825 3247 981 3337 possunt)
998 3255 1032 3314 et
1045 3259 1125 3315 ante
1137 3250 1327 3316 Alexandri

259 3465 287 3532 1)
306 3464 364 3519 VII
384 3465 412 3519 l:
432 3456 464 3517 οὗ
483 3462 573 3536 σῶμα,
594 3457 626 3517 οὗ
643 3462 729 3534 γῆρας
742 3456 956 3534 προύφασίζετο,
977 3454 1049 3514 ὅπου
1062 3450 1128 3529 (fisso
1142 3453 1189 3527 τὴν
1202 3462 1331 3534 πατρίδα

151 3548 311 3627 ὠφελήσειν,
333 3573 399 3610 cum
417 3554 493 3608 Hell.
512 3555 540 3609 V
558 3554 583 3622 4,
604 3554 637 3607 13
656 3553 820 3624 Xenophon
841 3570 907 3607 eum
926 3570 951 3605 a.
971 3552 1024 3606 379
1043 3555 1224 3606 senectutem
1242 3570 1332 3608 excu-

150 3663 229 3702 sasse
248 3645 363 3700 referat.
385 3675 416 3683 -
436 3644 522 3715 AgeS.
542 3643 601 3698 VII
614 3644 642 3700 6:
663 3635 712 3695 οὐκ
731 3632 811 3709 ἤθελε
830 3635 1014 3712 προσβάλλειν
1026 3640 1058 3712 τῇ
1078 3638 1140 3712 [τῶν
1153 3641 1333 3716 Κορινθίων]

151 3729 230 3789 πόλει
242 3754 306 3791 cum
317 3752 352 3789 ex
361 3735 437 3790 Hell.
448 3734 490 3788 IV
500 3735 524 3800 5,
535 3734 551 3788 3
562 3751 627 3788 eum
638 3733 693 3787 hoc
702 3733 798 3787 facere
810 3731 943 3802 nequisse
953 3735 1099 3803 appareat.
1112 3759 1144 3768 -
1158 3728 1248 3801 Ages.
1260 3731 1293 3786 X
1303 3735 1335 3787 4:

153 3818 323 3898 ἀφικόμενος
338 3823 369 3877 δὲ
385 3825 430 3876 ἐπὶ
444 3815 475 3875 τὸ
489 3817 624 3895 μήκιστον
635 3815 813 3892 ιλνίλρωπίνοο
830 3819 928 3878 αἰῶνος
942 3813 1132 3890 ἀναμάρτητος
1147 3811 1335 3887 ἐτελεύτησεν.

258 3914 286 3985 2)
306 3913 441 3969 Imitatus
460 3918 504 3967 est
522 3912 646 3984 scriptor
664 3912 731 3966 Lac.
751 3910 832 3981 Reip.
846 3911 903 3965 XV
915 3910 941 3980 4,
960 3909 1010 3963 ubi
1028 3908 1194 3980 Xenophon
1213 3919 1336 3968 narrat:

152 4004 282 4077 διμοιρία
302 4022 333 4074 με
358 4005 404 4055 ἐπὶ
427 4001 464 4070 τῷ
484 4001 588 4069 δείπνῳ
612 4003 723 4073 ἐτίμησε
744 3993 815 4072 [τοὺς
832 4002 963 4068 βασιλέας
981 3991 996 4050 ὁ
1015 3994 1188 4070 Λυκοῦργος]
1210 3991 1266 4068 οὐχ
1287 4004 1336 4054 ἵνα

152 4087 289 4147 διπλιλσιιι
313 4086 512 4163 καταιριλγαιεν,
543 4084 599 4144 ἀλλ’
629 4092 675 4142 ἵνα
703 4095 750 4143 καὶ
781 4082 836 4142 ‹ini›
855 4087 936 4142 τοῦδε
956 4087 1072 4160 τιμῆσαι
1091 4088 1189 4156 ἔχοιεν,
1220 4092 1248 4141 εἴ
1268 4110 1335 4144 τινα

88 4194 91 4199 “
151 4176 302 4252 βούλοιντο.
1207 4175 1214 4180 ”

259 4272 286 4343 3)
307 4271 365 4329 afr.
385 4270 461 4324 Hell.
480 4271 523 4327 IV
541 4271 566 4338 2,
588 4270 629 4323 17.
654 4268 741 4340 Apud
757 4268 918 4324 Diodorum
936 4268 1008 4325 XIV
1020 4268 1056 4321 82
1073 4266 1197 4321 fortasse
1216 4270 1336 4331 πλείους

153 4361 310 4434 δισμυρίων
328 4360 483 4434 legendum
502 4365 557 4430 est;
582 4360 633 4415 cfr.
653 4358 846 4415 Breitenbach
865 4358 902 4413 ad
921 4358 996 4414 Hell.
1015 4358 1059 4415 IV
1076 4358 1102 4428 2,
1123 4357 1164 4413 17.
