2932 4874
140 169 237 236 ΧΙΠ
260 170 324 236 591
342 170 387 257 d),
409 171 478 238 nisi
501 171 587 238 forte
611 173 640 238 is
665 195 796 259 quoque
811 173 1080 260 Xenophontem
1104 167 1229 258 fodico
1252 164 1324 236 οἶόν

143 279 237 344 dicit
261 285 296 344 et
319 281 495 346 collatores
518 281 620 346 huius
642 282 693 346 rei
716 283 812 347 velut
836 282 1016 347 scribentis
1033 283 1155 348 erroris
1179 305 1324 347 comme-

142 388 374 452 morationem
408 411 479 454 non
517 388 682 454 fecerunt.
723 426 764 434 —
803 388 917 475 Atque
953 390 1166 455 simillimum
1200 413 1325 455 nomen

146 498 182 557 Γ
179 488 300 578 ρολίων
322 518 382 582 per
404 518 510 561 unum
533 497 554 560 l.
578 470 742 583 sciiptum
766 495 833 562 fuit
861 497 899 562 in
925 497 1026 562 titulo
1049 498 1211 563 Boeotico
1234 520 1325 562 nunc

147 602 330 689 deperdito
354 600 429 687 (cfr.
453 604 601 688 Lolling,
626 604 742 669 Mitth.
768 602 799 669 d.
817 603 899 669 Ath.
924 604 1009 670 inst.
1026 605 1080 670 HI
1095 605 1151 686 86)
1176 606 1206 670 si
1229 628 1326 671 accu-

147 718 224 775 rate
259 711 415 774 lacunam
449 710 616 777 indicavit
650 711 842 778 Urlichsius
878 710 1033 797 (Bullett.
1069 712 1101 778 d.
1130 714 1210 778 inst.
1235 713 1325 779 arob.

152 819 241 882 1838
278 840 310 903 p.
351 818 440 897 llO):
491 817 716 880 ΝΙΚΙΩΝΟΣ
757 821 789 880 Γ
788 817 1006 882 .ΥΛ.ΩΝΟΣ
1040 820 1329 882 ΠΛΛΤΛΕΙΟΣ

151 923 228 1008 (cfr.
264 925 361 1010 Keil,
395 925 500 991 Inscr.
530 927 648 991 Boeot.
672 927 752 991 X3
787 950 819 1013 p.
845 927 910 1006 69).
968 928 1088 1013 Itaque
1124 950 1327 1013 quamquam

151 1033 388 1098 Herodianum
412 1056 539 1098 errasse
564 1034 768 1099 contendere
791 1034 960 1099 lubricum
984 1042 1045 1119 est,
1069 1043 1185 1100 tamen
1201 1058 1245 1100 an
1264 1036 1328 1100 hac

153 1141 191 1206 in
214 1164 251 1205 re
274 1141 541 1228 Philostephano
564 1142 641 1228 plus
669 1142 881 1207 auctoritatis
919 1142 1095 1226 tribuerit,
1132 1164 1233 1227 quam
1267 1143 1328 1206 tri-

153 1249 257 1314 buere
282 1247 409 1331 debuit,
434 1248 583 1313 dubitari
605 1255 727 1334 potest.
765 1286 806 1294 --
843 1250 943 1314 Certe
966 1272 1035 1314 non
1059 1241 1197 1335 Γρύλον,
1228 1273 1328 1336 quam

154 1356 299 1422 formam
316 1361 350 1420 et
366 1355 588 1421 Schubartius
612 1358 649 1422 in
665 1357 855 1422 Pausaniae
876 1356 1026 1422 editione
1042 1358 1173 1423 minore
1189 1358 1327 1445 adopta-

153 1464 206 1530 vit
229 1470 264 1528 et
288 1464 491 1528 Benselerus
515 1463 640 1549 laudat,
666 1465 882 1530 scribendum
907 1487 994 1549 esse,
1024 1464 1084 1529 sed
1107 1465 1180 1530 sive
1204 1461 1330 1549 Γρύλον

155 1573 228 1637 sive
253 1563 398 1655 Γρύλλον
422 1595 463 1637 ex
484 1572 641 1637 Herodae
665 1570 706 1637 fr.
733 1573 750 1637 1
774 1573 902 1658 Bergk.
931 1579 1085 1659 apparet,
1127 1573 1186 1658 qui
1220 1573 1330 1659 prima

156 1681 287 1766 syllaba
310 1680 474 1766 producta
496 1681 615 1746 utitur.

494 1984 525 2052 ΙΙ.
573 1984 615 2052 Be
639 1983 856 2070 Xenophontis
881 1983 996 2052 maire.

265 2145 352 2211 Cum
367 2147 609 2235 Xenophontis
626 2147 734 2211 vitam
746 2147 814 2211 iam
830 2145 1020 2211 confectam
1036 2153 1199 2233 putarem,
1214 2147 1330 2213 Rueh-

157 2254 224 2318 lius
248 2253 292 2318 ad
314 2254 457 2319 Eusebii
479 2255 590 2320 locum
614 2253 656 2318 ab
680 2252 850 2338 omnibuS,
885 2260 1050 2339 quantum
1073 2253 1190 2340 video,
1222 2255 1332 2320 adhuc

157 2363 354 2447 neglectum
378 2362 528 2426 animum
551 2384 665 2426 meum
689 2360 848 2427 advertit.
901 2363 1081 2447 Leguntur
1117 2363 1208 2427 enim
1243 2362 1333 2449 apud

159 2469 365 2534 Schoenium
400 2467 466 2553 (ed.
490 2470 614 2536 Euseb.
638 2476 662 2535 t.
687 2469 724 2535 H
746 2493 778 2556 p.
806 2466 883 2553 110)
920 2493 961 2535 ex
995 2469 1199 2535 Armeniaca
1227 2471 1332 2535 inter-

158 2578 350 2664 pretatione
374 2600 393 2642 a
415 2578 642 2642 Petermanno
666 2578 773 2644 latine
797 2600 895 2642 versa
917 2577 1016 2642 haec:
1046 2578 1097 2644 Ol.
1123 2578 1175 2662 95,
1199 2578 1222 2642 4
1244 2577 1279 2658 (i.
1304 2601 1331 2643 e.

160 2708 188 2750 a.
206 2681 309 2770 397s6
334 2708 361 2750 a.
381 2686 459 2750 Ohr.
476 2684 523 2764 n.)
539 2685 735 2772 Xenophon
752 2687 867 2751 Grilae
888 2692 923 2750 et
938 2685 1080 2750 Diodori
1101 2684 1192 2750 filius
1209 2707 1333 2771 cogno-

160 2791 325 2858 scebatur.
363 2830 404 2837 -
442 2791 534 2870 Quae
570 2816 646 2857 cum
674 2794 912 2878 Xenophontis
947 2792 1036 2879 patri
1060 2793 1180 2876 Gryllo
1208 2815 1334 2857 nomen

115 2889 123 2897 ⁸
159 2899 266 2964 fuisse
295 2924 336 2964 ex
369 2899 488 2965 eodem
511 2900 660 2965 Eusebio
689 2906 723 2964 et
749 2901 982 2986 Hieronymus
1006 2899 1062 2980 (ad
1086 2899 1137 2964 Ol.
1163 2900 1215 2983 95,
1243 2896 1275 2983 1)
1300 2906 1334 2964 et

160 3009 340 3093 Synoellus
363 3009 440 3092 490,
465 3009 488 3072 4
511 3005 587 3092 (cfr.
616 3007 770 3073 Schoene
794 3008 815 3072 l.
839 3008 861 3072 l.
886 3032 917 3095 p.
944 3008 1008 3072 110
1032 3007 1115 3093 seq.)
1139 3005 1276 3071 tradant
1300 3012 1334 3071 et

160 3117 244 3180 alias
268 3116 350 3180 satis
374 3121 515 3200 constet,
542 3116 771 3201 suspicionem
794 3114 978 3180 movebant
993 3115 1186 3179 maximam.
1224 3113 1334 3191 Quare

161 3223 275 3308 Grylli
297 3222 507 3308 Diodorique
530 3222 678 3288 filiorum
702 3222 944 3308 Xenophontis
968 3221 1107 3287 nomina
1135 3244 1179 3286 an
1207 3221 1264 3286 hic
1286 3222 1333 3286 la·

160 3337 282 3415 terent,
307 3353 390 3416 quos
415 3352 453 3396 eo
476 3330 548 3396 fere
571 3336 724 3417 tempore
746 3337 844 3395 natos
868 3352 941 3395 esse
958 3335 1100 3415 oportet,
1126 3328 1335 3414 aliquamdiu

161 3438 330 3522 dubitavi,
367 3461 444 3503 cum
478 3461 507 3504 a.
532 3435 634 3523 aava
669 3439 764 3503 nulla
797 3460 851 3502 res
887 3436 1205 3502 commemoratione
1229 3435 1335 3521 digna

161 3546 395 3632 Xenophonti,
415 3553 579 3632 quantum
596 3545 731 3631 scimus,
748 3544 919 3610 acciderit.
955 3544 1064 3610 Auxit
1076 3543 1333 3627 dubitationem,

163 3652 224 3717 sed
248 3675 342 3739 spem
359 3676 491 3739 quoque
507 3654 624 3719 attulit
639 3653 826 3738 AucheruS,
851 3653 910 3737 qui
926 3675 1011 3738 quae
1028 3651 1118 3739 apud
1133 3649 1336 3716 Armenium

129 3824 135 3832 χ
164 3760 258 3846 legit,
295 3762 344 3826 sic
378 3761 496 3827 vertit:
533 3762 584 3828 Ol.
609 3762 662 3846 95,
686 3762 709 3825 4
731 3760 927 3847 Xenophon
956 3760 1070 3846 Grylli
1105 3765 1139 3824 et
1166 3757 1335 3824 Diodorae

163 3868 439 3953 cognoscebatur.
479 3869 599 3953 Itaque
624 3891 701 3933 cum
724 3869 787 3934 hac
811 3869 848 3934 in
863 3868 946 3934 urbe
962 3868 1096 3933 litteras
1112 3865 1334 3931 Armeniacas

162 3998 262 4041 nemo
287 3976 398 4062 sciret,
422 3976 605 4062 Ruehlius,
640 3975 831 4041 studiorum
865 3998 1017 4041 meorum
1052 3974 1166 4040 fautor
1188 3974 1334 4039 benevo-

272 4170 480 4244 Dfflpffi
