2932 4874
602 212 820 280 *15*

127 393 244 458 statim
274 394 312 458 in
341 393 595 458 matrimonium
625 393 764 459 ductum
792 394 836 458 iri
860 394 1005 462 Seuthes
1034 395 1132 461 dixit.
1179 395 1299 481 Itaque

126 502 337 566 tricesimum
373 500 462 565 circa
497 523 625 566 annum
656 501 924 587 Xenophontem
960 503 1070 593 egisse
1104 510 1188 590 puto
1224 526 1300 567 cum

128 610 274 680 Graecos
309 607 486 672 reduceret
522 615 555 672 et
591 609 680 674 circa
704 632 732 674 a.
761 609 829 672 430
861 615 980 674 natum
1016 633 1088 675 esso
1123 609 1300 676 Mitfordio

127 716 270 800 aliisque
305 738 388 801 quos
424 738 525 802 supra
559 716 757 781 enumeravi
792 716 948 781 concedo.
995 717 1114 802 Neque
1143 723 1208 801 est,
1241 740 1301 782 0111

128 823 288 888 iuvenem
309 822 489 887 admodum
513 846 533 887 a
549 824 688 889 Graecis
713 823 834 888 ducem
858 829 1007 889 creatum
1032 847 1104 889 esse
1128 825 1299 909 miremur,

130 953 206 994 oum
228 930 434 1015 Iphicratem
458 953 604 1015 quoque,
634 932 880 1018 cumprimum
911 931 1006 996 ducis
1030 931 1153 997 officiis
1177 932 1297 1017 funge-

128 1044 222 1101 retur
254 1060 282 1102 a.
319 1038 383 1101 393
418 1037 620 1103 vicesimum
656 1061 784 1103 annum
819 1041 929 1124 agisse
964 1044 1110 1104 testetur
1144 1041 1298 1105 Iustinus
1396 1090 1399 1095 -

128 1145 224 1229 1115,
241 1146 271 1229 2,
297 1145 392 1209 cuius
415 1145 485 1209 levi
500 1145 639 1231 quidem
655 1147 850 1211 auctoritati
867 1147 1184 1231 66163111161111111,
1210 1147 1300 1233 quod

129 1274 234 1337 usque
258 1251 301 1316 ad
323 1275 351 1316 a.
377 1252 442 1316 355
465 1252 655 1339 Iphicrates
684 1253 721 1317 in
749 1252 847 1317 bellis
876 1260 1030 1318 versatus
1060 1261 1112 1319 est
1140 1255 1298 1338 (Sionem,

129 1357 265 1423 Grieoh.
292 1358 414 1424 Gesch.
439 1381 471 1445 p.
499 1361 619 1424 11011.
645 1357 723 1442 23).
821 1377 824 1381 ’

290 1461 368 1551 53.
415 1465 458 1534 nc
482 1466 698 1552 xenophontis
722 1466 792 1533 vita
816 1483 916 1552 usque
941 1467 980 1534 ad
1006 1485 1035 1534 a.
1061 1467 1143 1535 394.

218 1573 287 1639 Sed
310 1575 393 1638 satis
417 1597 584 1660 superque
608 1574 650 1638 (16
673 1575 736 1640 hac
759 1598 808 1658 re;
833 1598 1016 1662 pergamus
1040 1577 1076 1640 in
1097 1576 1170 1642 vita
1185 1578 1301 1642 Xeno-

49 1699 51 1704 ·
128 1683 267 1768 phontis
284 1681 480 1748 enarranda.
516 1683 631 1768 Atque
655 1683 697 1747 de
712 1683 858 1768 pueritia
874 1683 1012 1767 quidem
1034 1684 1122 1749 nihil
1138 1684 1302 1749 traditum

131 1796 191 1875 631,
215 1811 325 1874 noque
350 1789 439 1874 quod
458 1789 628 1855 Pfundius
652 1791 870 1875 Blassiusque
887 1790 954 1855 sibi
969 1798 1219 1877 persuaserunt,
1244 1793 1302 1877 qui

132 1920 206 1961 oum
223 1897 370 1962 Isocrate
395 1898 427 1962 ei
443 1898 629 1963 amicitiam
644 1898 876 1962 intercessisse
900 1899 1056 1964 arbitrati
1079 1905 1159 1963 sunt
1182 1900 1302 1984 (Blass,
1391 1951 1392 1954 .

131 2001 289 2070 Attische
304 2004 443 2069 Bereds.
459 2005 495 2069 H
514 2008 564 2089 11,
585 2006 639 2069 42.
661 2004 786 2089 Pfund²
817 2005 858 2070 (16
874 2006 1034 2070 isocratis
1050 2007 1123 2072 vita
1147 2014 1181 2071 61
1197 2007 1302 2093 scrip·

131 2112 176 2177 tis
199 2136 232 2199 p.
257 2113 292 2196 5)
328 2134 426 2176 6616
454 2113 536 2177 36113
554 2105 735 2198 probatur,
773 2113 863 2197 quod
897 2136 939 2177 ex
974 2113 1092 2178 eodem
1120 2137 1207 2201 pago
1237 2114 1303 2180 orti

131 2227 237 2304 erant,
263 2219 442 2305 Gryllique
455 2220 685 2286 laudationem
697 2220 862 2285 isocrates
876 2222 1074 2307 composuit.
1112 2222 1301 2308 (Hermipp.

130 2350 182 2414 ap.
206 2327 306 2412 Diog.
332 2327 444 2392 Laert.
469 2328 506 2391 Π
540 2323 608 2410 55.)
665 2325 878 2392 Adulescens
911 2328 1035 2393 deinde
1066 2328 1232 2413 quomodo
1267 2329 1304 2392 in
1368 2337 1371 2343 '

130 2435 278 2501 Socratis
322 2433 590 2499 familiaritatem
629 2435 779 2501 imbutus
819 2458 892 2499 esse
929 2436 1096 2520 tradatur,
1131 2436 1302 2520 Diogenes

71 2533 73 2537 ¹
130 2543 287 2607 Laertius
311 2541 359 2622 (Π
381 2542 438 2620 48)
465 2549 589 2606 narrat.
636 2543 840 2628 Magistrum
868 2565 949 2607 vero
972 2549 1081 2608 totam
1108 2567 1168 2630 per
1195 2545 1303 2608 vitam

132 2671 263 2714 summo
286 2650 379 2714 cultu
396 2656 430 2713 et
445 2650 665 2715 veneratione
689 2656 886 2737 prosecutus
908 2657 967 2734 est,
994 2651 1148 2735 quamvis
1165 2651 1305 2736 ingenio

101 2739 104 2743 .
132 2756 245 2821 minus
279 2756 322 2821 ad
355 2757 607 2844 philosophiam
643 2780 743 2842 quam
779 2756 821 2823 ad
848 2781 902 2822 res
932 2758 1111 2843 militares⁷
1148 2759 1302 2842 rusticas,

133 2845 304 2929 venaticas
332 2871 411 2950 apto
440 2864 613 2950 praeditus
647 2872 745 2929 63361.
793 2866 932 2930 Ρ166161
968 2866 1141 2931 Socratem
1161 2849 1163 2852 ’
1181 2864 1304 2950 quibus

131 2972 207 3036 aliis
231 2971 415 3063 magistris*
429 2994 509 3036 usus
534 2973 588 3055 311,
613 2973 797 3055 1163011003,
822 2996 902 3037 116111
926 2972 1015 3058 quod
1030 2972 1175 3038 Photius
1200 2973 1305 3039 tradit

130 3079 305 3162 (Biblioth.
331 3079 402 3144 cod.
428 3080 503 3163 260,
528 3104 560 3166 p.
577 3080 653 3164 486,
678 3081 720 3144 36
744 3075 809 3163 R),
836 3081 895 3165 qui
919 3103 996 3144 eum
1018 3080 1177 3145 Isocratis
1202 3080 1303 3146 disci-

41 3200 45 3208 '
128 3189 247 3276 pulum
270 3186 376 3252 fuisse
401 3188 498 3271 dicit,
528 3210 605 3251 cum
621 3195 811 3273 temporum
827 3188 958 3252 ratione
981 3193 1127 3273 pugnat,
1153 3211 1230 3252 oum
1249 3212 1303 3254 ae-

130 3295 244 3380 quales
284 3294 356 3360 fere
393 3301 523 3379 essent,
570 3294 831 3380 Xenophonque
871 3317 935 3379 quo
970 3303 1121 3380 tempore
1156 3295 1304 3361 Athenis

128 3403 296 3468 Isocrates
320 3403 441 3469 docere
466 3403 577 3488 coepit
601 3425 629 3467 a.
655 3403 721 3466 394
745 3400 818 3485 (cfr.
834 3403 980 3488 Sanneg,
1007 3403 1048 3467 (16
1071 3404 1185 3469 schola
1200 3405 1302 3470 lsoor.

130 3534 162 3595 p.
190 3507 245 3594 17)
268 3510 306 3575 in
322 3509 406 3575 Asia
430 3517 621 3575 versaretur
637 3517 738 3594 atquo
753 3511 853 3597 paulo
870 3519 947 3597 post
971 3511 1072 3575 exilio
1092 3514 1302 3577 multaretur.

236 3618 356 3702 Neque
391 3618 599 3683 Philostrato
635 3618 706 3681 Vit.
744 3619 837 3705 soph.
877 3619 896 3682 I
931 3620 971 3683 12
1007 3641 1166 3703 magnam
1200 3618 1303 3683 fidem

130 3720 319 3789 hahendam
343 3748 416 3789 esse
439 3733 532 3811 puto,
563 3726 621 3810 qui
644 3749 663 3790 a
686 3726 916 3812 Xenophonte
941 3726 1075 3813 captivo
1101 3726 1139 3790 in
1161 3726 1303 3790 Boeotia

129 3830 312 3897 Prodicum
348 3832 502 3897 auditum
538 3855 610 3898 6336
645 3833 760 3898 tradit.
814 3833 1026 3918 Quamquam
1059 3833 1151 3896 6111111
1185 3833 1302 3898 Xeno-

131 3939 296 4024 phontem
320 3940 358 4005 in
380 3940 469 4005 bello
486 3940 773 4027 Peloponnesiaco
790 3941 961 4027 stipendia
977 3940 1097 4005 fecisse
1113 3963 1183 4004 non
1206 3963 1302 4027 prae·

128 4045 235 4112 fracte
258 4071 361 4133 nego,
386 4053 516 4134 16111611,
546 4072 630 4114 num
652 4049 893 4136 philosophum
917 4047 1039 4113 sectari
1064 4047 1198 4134 captivo
1223 4071 1301 4113 con-

129 4176 261 4219 oessum
297 4155 356 4240 sit,
391 4157 477 4221 mihi
509 4158 655 4222 maxime
688 4157 829 4222 dubium
858 4166 909 4222 est
944 4153 1184 4239 (Schenkelius
1220 4178 1301 4220 vero

128 4262 192 4328 hoc
217 4261 284 4328 sihi
306 4265 484 4350 persuasit.
521 4265 611 4330 Xon.
630 4264 726 4330 Stud.
744 4266 789 4330 H.
814 4265 854 4329 B.
873 4263 904 4328 d.
921 4263 1036 4328 Wien.
1062 4262 1122 4328 Ac.
1139 4264 1194 4347 80,
1214 4259 1302 4346 149.)

128 4371 178 4449 Ut
200 4395 282 4438 vero
307 4379 489 4460 antequam
514 4373 556 4437 ad
580 4373 708 4459 Cyrum
731 4371 1011 4458 proficisceretur,
1040 4392 1178 4435 uxorem
1194 4359 1302 4436 ’111106-
