2932 4874
621 232 664 249 .....
710 195 843 262 33...

143 401 177 442 n.
203 377 279 456 20).
328 367 455 442 Contra
481 400 551 442 non
584 383 648 462 est,
685 399 843 442 curcum
866 377 1133 443 Wilamowitzio
1163 378 1185 444 l.
1210 378 1232 444 l.
1257 400 1317 465 pro

144 484 326 551 Stesiclide
361 477 600 568 Κτησικλείδης
635 485 656 549 1.
691 508 718 549 1.
755 481 943 570 Κτησικλῆς
978 486 1179 570 scribamus,
1215 509 1315 571 quem

143 591 343 656 Athenaeus
367 582 514 675 Χρόνους
538 592 765 678 composuisse
789 592 874 656 dicit
898 592 961 673 (VI
984 593 1099 658 1711.
1123 593 1160 658 X
1182 593 1249 657 445
1267 593 1317 676 d);

144 699 233 764 nihil
257 699 349 762 enim
365 698 569 791 proficimus,
594 700 624 763 si
639 721 700 785 pro
717 700 880 786 scriptore
898 701 1003 764 semel
1017 700 1154 765 laudato
1172 701 1317 765 alterum

143 806 406 890 introducimus,
437 806 531 871 cuius
559 806 612 871 bis
636 808 764 872 mentio
799 806 848 890 fit,
884 807 1085 893 praesertim
1109 831 1186 872 cum
1208 830 1253 872 ne
1276 808 1317 872 li·

142 913 281 978 brorum
304 912 441 998 quidem
464 913 603 978 nomina
626 914 744 978 eadem
768 914 847 979 sint.

252 1020 371 1104 Pergit
386 1021 559 1106 Diogenes
575 1022 597 1085 l.
622 1022 642 1085 l.
663 1020 717 1085 his
734 1021 862 1086 uerbis:
887 1015 1026 1105 τέθνηκε
1050 1015 1085 1082 δὲ
1101 1015 1134 1081 ἐν
1149 1013 1316 1105 Κορίνθῳ,

146 1116 256 1213 ὥφησι
280 1119 470 1212 Λημήιριος
495 1116 512 1187 ὃ
537 1119 690 1212 Μάγνης,
715 1117 776 1213 ἤδη
801 1120 926 1213 δηλαδὴ
951 1119 1086 1213 γηραιὸς
1110 1117 1163 1190 dv.
1212 1130 1317 1195 Cuius

147 1234 343 1300 testimonio
367 1258 427 1299 cur
453 1234 557 1299 fidem
584 1234 797 1320 abrogemuS,
822 1258 891 1301 non
916 1243 984 1322 est,
1009 1259 1084 1301 cum
1115 1259 1200 1322 quae
1229 1238 1317 1302 Pau-

148 1342 260 1407 sanias
282 1341 323 1406 de
344 1342 575 1428 Xenophonte
596 1338 643 1427 ab}
658 1343 752 1407 Eleis
772 1349 929 1408 reuocato
953 1349 987 1407 et
1003 1343 1171 1409 Scillunte
1186 1351 1319 1409 mortuo

134 1438 261 1533 tradit,
290 1471 329 1513 ea
352 1449 393 1514 ab
416 1449 511 1514 Eleis
535 1449 615 1514 ficta
637 1449 820 1515 rideantur
843 1449 917 1530 (cfr.
941 1473 973 1537 p.
999 1450 1064 1530 29).
1091 1488 1132 1495 —-
1162 1450 1253 1529 Quid
1277 1451 1318 1515 de

143 1555 385 1642 Xenophontis
414 1564 525 1622 aetate
548 1557 742 1621 Demetrius
771 1557 951 1642 censuerit,
988 1581 1030 1622 ex
1057 1559 1120 1624 hoc
1147 1558 1220 1623 loco
1249 1581 1318 1622 non

144 1671 294 1750 apparet,
330 1686 407 1728 cum
434 1669 469 1727 et
496 1665 774 1750 septuagenarius
803 1672 837 1729 et
863 1666 1114 1751 nonagenarius
1148 1673 1227 1752 apte
1256 1653 1317 1751 ἤδη

145 1761 271 1855 δηλαδὴ
295 1762 429 1855 γηραιὸς
454 1759 498 1830 dv
521 1773 719 1857 appelletur.

251 1878 387 1963 Restat,
416 1883 455 1942 ut
479 1878 638 1942 tabellam
662 1879 934 1966 chronologicam
958 1880 1096 1965 addam,
1131 1903 1197 1965 qua
1224 1880 1318 1945 vitae

144 1985 386 2072 Xenophontis
409 1991 562 2072 tempora
585 1987 801 2073 complectar:

146 2112 195 2159 co.
220 2112 251 2158 a.
275 2092 355 2158 430.
401 2093 570 2159 Nascitur
593 2094 808 2177 Xenophon.

144 2199 332 2265 430—401.
379 2199 530 2266 Athenis
555 2202 733 2268 versatur.

145 2378 151 2387 ,
252 2307 426 2372 Socratem
449 2305 591 2372 fortasse
615 2307 695 2372 inde
719 2309 760 2373 ab
785 2332 814 2375 a.
837 2310 904 2374 410
928 2316 1086 2376 sectatur.

144 2413 328 2480 401—394.
374 2415 418 2502 In
442 2414 528 2480 Asia
553 2418 731 2482 versatur.

251 2518 365 2605 401s0.
411 2520 467 2586 Ad
496 2522 625 2606 Cyrum
647 2523 888 2609 proficiscitur,
918 2533 1036 2590 contra
1058 2547 1175 2611 regem
1198 2525 1318 2590 Persa·
1398 2578 1403 2587 .

358 2652 435 2693 rum
458 2652 550 2694 arma
573 2629 650 2716 fert,
676 2632 823 2696 Graecos
847 2631 890 2696 ad
913 2633 1062 2697 Pontum
1084 2632 1228 2698 reducit.

253 2737 328 2801 399.
374 2736 477 2822 Apud
512 2737 675 2802 Seuthem
712 2739 749 2802 in
778 2738 922 2804 Thracia
957 2739 1128 2825 stipendia
1160 2746 1318 2824 meretur,

360 2845 545 2908 exercitum
573 2845 610 2908 in
633 2844 752 2909 Asiam
780 2846 912 2911 reducit
941 2852 976 2910 11
1003 2846 1169 2912 Τ111111ο111
1202 2846 1318 2912 tradit.

359 2953 510 3017 Uxorem
535 2951 629 3017 ducit
652 2953 847 3018 Philesiam.

253 3061 439 3124 399-396.
488 3060 575 3123 Cum
599 3060 771 3125 Thibrone
795 3066 830 3124 11
853 3060 1064 3146 Dercyllida,
1093 3059 1319 3126 Lacedaemo-

360 3167 495 3231 niorum
519 3166 661 3231 ducibus
685 3174 803 3232 contra
826 3167 947 3231 Persas
970 3168 1097 3232 bellum
1121 3168 1220 3255 gerit.
1244 3250 1246 3254 ‚

253 3276 327 3339 396.
375 3274 529 3360 Agesilai
570 3274 662 3360 regis
698 3275 862 3340 exercitui
899 3274 1064 3361 praefecti
1103 3276 1230 3340 amicus
1268 3275 1318 3340 fit.

146 3381 332 3449 394-387.
364 3381 524 3464 Agesilai
548 3382 819 3464 expeditionum
843 3383 884 3448 in*
901 3381 1053 3449 Graecis
1070 3382 1320 3465 susceptarum

308 3489 428 3557 socius
453 3491 519 3555 est.

253 3597 327 3662 394.
375 3597 462 3660 Cum
485 3596 647 3681 Agesilao
670 3596 708 3660 in
730 3597 902 3684 Europam
925 3597 1028 3681 redit,
1054 3598 1090 3661 in
1114 3619 1230 3683 pugna
1255 3597 1318 3662 Oo-

359 3703 497 3768 ronensi
525 3709 643 3768 contra
672 3704 764 3769 cives
794 3727 871 3769 suos
905 3727 997 3770 arma
1024 3704 1107 3789 fert,
1139 3703 1319 3769 Athenis

360 3810 581 3877 damnatur.

146 3918 327 3985 387-371.
375 3916 551 3985 Scillunta
576 3921 754 3985 versatur.

253 4026 326 4091 384.
375 4024 585 4112 Megabyzus
615 4027 796 4112 pecuniam
831 4049 858 4092 a.
890 4027 956 4091 394
984 4026 1174 4113 depositam
1196 4023 1320 4110 reddit,

358 4133 555 4218 Xenophon
568 4134 729 4199 sacellum
742 4135 872 4199 Dianae
885 4134 1055 4220 Ephesiae
1072 4131 1321 4199 aedificandum

359 4246 454 4305 curat
478 4248 512 4305 11
536 4242 608 4305 dies
633 4241 737 4306 festos
762 4242 923 4306 instituit.

252 4349 316 4413 371
341 4356 513 4414 autumno.
561 4348 615 4413 Ab
639 4349 734 4414 Eleis
758 4350 924 4416 Scilluntc
948 4349 1139 4436 expellitur.

1105 4454 1122 4513 3
