2896 4874
670 213 889 276 ..58-

195 388 413 474 accepissent,
449 391 552 455 talem
575 390 761 455 Phliuntiis
796 390 986 454 reddidisse
1013 389 1068 453 his
1097 390 1211 455 verbis
1235 396 1368 455 narrat:

196 485 227 555 oi
266 486 488 557 Φλιάσιοι...
523 487 782 580 μετεπέμψαντό
815 517 851 558 ιε
884 489 959 570 τοὺς
989 488 1277 575 Λακεδαιμονίους
1311 490 1371 556 καὶ

194 593 253 687 τὴν
286 594 388 664 πόλιν
421 597 477 664 καὶ
512 596 570 688 τὴν
605 592 706 687 άκραν
741 595 916 687 φυλάινειν
951 592 1063 677 adroic
1090 598 1298 688 παρέδιοσαν.
1337 595 1369 664 οἱ

193 703 306 787 μέντοι
329 702 594 789 Λακεδαιμόνιοι
623 704 745 794 καίπερ
776 700 929 784 eluctato
960 702 1085 788 ἔχοντες
1117 710 1189 784 τοῖς
1212 701 1369 795 φυγάσιν,

195 805 272 877 ὅσον
286 809 399 901 χρόνον
415 805 500 895 εἶχον
516 807 622 878 αόιιῦν
639 810 696 902 τὴν
712 810 821 894 πόλιν,
848 807 914 878 οὐδ’
934 810 1145 902 ἐμνήσθησαν
1166 809 1371 878 παντάπασι

194 918 273 1006 περὶ
296 915 445 984 καθόδου
470 916 633 1008 φυγάδων,
659 914 729 985 ἀλλ’
755 919 830 985 ἐπεὶ
847 913 1077 1009 ἀναθαρρῆσαι
1095 916 1200 985 ἐδόκει
1217 914 1237 1009 ἡ
1255 915 1370 1005 πόλις,

194 1025 343 1115 ἐξῆλθον,
379 1025 435 1091 καὶ
471 1024 529 1116 τὴν
552 1028 653 1092 πολιν
676 1026 733 1093 καὶ
756 1024 832 1105 νοός
860 1024 978 1110 νόμους
1000 1023 1205 1115 παραδόνιες
1229 1029 1371 1116 οἵανπερ

193 1131 250 1197 καὶ
274 1132 464 1221 παρέλαβον
487 1136 591 1222 (Ηο11.
615 1140 665 1206 IV
687 1141 720 1224 4,
746 1140 808 1220 15).
862 1140 955 1217 Quae
982 1140 1159 1204 Nitschius
1187 1146 1372 1226 postquam

194 1244 298 1310 a384
314 1245 575 1311 Lacedaemonii
599 1248 735 1311 exulum
757 1247 1025 1313 revocandorum
1045 1254 1197 1312 auctores
1221 1245 1373 1311 fuissent

196 1349 299 1436 (Heli.
324 1352 357 1416 V
380 1355 411 1437 2,
435 1355 559 1436 8-10;
585 1354 690 1419 Grote
713 1355 750 1419 X
774 1352 841 1439 56),
872 1354 933 1418 sed
955 1360 1136 1439 antequam
1170 1354 1223 1417 illi
1247 1377 1274 1418 a.
1301 1355 1371 1418 380

140 1516 145 1529 ,
194 1459 287 1544 leges
303 1459 528 1545 institutaque
544 1461 798 1526 Phliuntiorum
820 1463 904 1526 urbe
921 1469 1116 1548 expugnata
1131 1468 1372 1548 perverterent

195 1567 297 1647 (Hell.
321 1568 353 1633 V
377 1568 407 1650 3,
443 1568 486 1630 25
510 1591 597 1653 sqq,
634 1570 738 1633 Grote
767 1571 803 1632 X
827 1570 869 1633 95
894 1565 982 1654 sqq.)
1017 1569 1143 1654 scripta
1183 1568 1369 1652 existimat,

193 1674 249 1738 vel
273 1679 453 1758 antequam
479 1675 626 1740 Cadmea
650 1698 678 1739 a.
704 1671 800 1755 3821)
826 1676 867 1740 ab
896 1677 938 1740 iis
963 1682 1182 1762 occuparetur
1205 1672 1310 1760 (Hell.
1336 1677 1370 1742 V

193 1783 225 1865 2,
242 1782 312 1864 25),
332 1804 417 1866 quae
435 1782 527 1856 enirn
542 1782 668 1847 iniuria
681 1783 710 1846 si
727 1783 794 1847 iam
807 1783 985 1847 commissa
1000 1783 1131 1868 fuisset,
1155 1783 1369 1868 Xenophon-

194 1893 265 1952 tem
288 1888 474 1953 modestius
491 1889 661 1954 dicturum
685 1889 791 1954 fuisse
813 1885 956 1975 putat2).
992 1889 1099 1966 Quam
1114 1889 1282 1955 rationem
1298 1913 1370 1954 non

195 1996 277 2059 satis
301 2018 440 2079 gravem
464 2018 538 2060 esse
563 1997 728 2079 existimo,
755 2019 821 2080 qua
844 1997 929 2082 quis,
959 2005 997 2062 ut
1021 1998 1138 2061 eadem
1162 1997 1228 2062 sibi
1250 2020 1369 2083 persu-

193 2102 301 2186 adeat,
328 2109 591 2186 commoveatur;
616 2126 727 2188 neque
751 2105 842 2168 enim
863 2104 946 2189 leue,
972 2127 1072 2188 quam
1088 2104 1368 2169 Lacedaemoniis

195 2210 389 2296 Xenophon
413 2210 534 2275 tribuit
558 2211 696 2276 modum
721 2211 867 2295 excedit,
905 2218 939 2276 et
974 2212 1065 2297 quod
1099 2212 1158 2276 illa
1192 2212 1369 2276 occasione

195 2318 316 2402 probos
352 2317 630 2403 abstinentesque
650 2341 686 2382 se
713 2319 976 2403 praestitissent,
999 2318 1156 2384 laudibus
1174 2341 1229 2383 eos
1246 2319 1369 2384 efferre

192 2425 315 2512 potuit,
340 2425 443 2489 etiam
466 2431 644 2510 postquam
669 2425 803 2490 facinus
827 2425 913 2490 illud
934 2426 1186 2490 commiserunt.
1231 2425 1370 2490 Praeci-

191 2555 258 2618 pue
275 2538 398 2617 autem,
423 2555 500 2597 curn
516 2532 692 2597 Nitschius
710 2555 751 2596 ex
767 2533 895 2596 verbis:
922 2522 998 2593 ὅσον
1016 2524 1129 2613 χρόνον
1152 2521 1238 2609 εἶχον
1262 2522 1372 2593 alan

192 2631 252 2723 τὴν
274 2631 376 2700 πόλιν
401 2628 468 2701 οἶδ’
497 2631 709 2724 ἐμνήσθησαν
736 2633 815 2723 περὶ
844 2632 993 2699 καθόδου
1022 2631 1176 2723 φυγάδων
1204 2640 1371 2725 colligen-

193 2747 275 2812 dum
299 2770 371 2812 esse
396 2754 545 2830 censeat,
582 2746 850 2832 Xenophontem
886 2769 925 2810 ea
948 2747 1016 2810 iarn
1040 2747 1177 2831 cognita
1199 2746 1372 2834 habuisse,

194 2877 279 2940 quae
303 2877 331 2919 a.
358 2855 423 2918 384
458 2861 661 2938 evenerunt,
696 2876 753 2917 our
785 2854 1029 2940 rempublicam
1064 2877 1092 2918 a.
1118 2855 1184 2918 380
1216 2877 1372 2920 eversam

192 2962 318 3049 respici
340 2968 454 3048 neget,
479 2986 556 3026 curn
579 2948 774 3047 Xenophon
798 2960 903 3025 dicat:
939 2949 1010 3019 ἀλλ’
1047 2955 1187 3044 ἐξῆλθον
1221 2955 1277 3020 καὶ
1311 2955 1372 3047 τὴν

121 3127 122 3130 ,
193 3060 294 3129 πόλιν
322 3063 378 3129 καὶ
407 3061 482 3142 νοός
510 3060 628 3147 νόμους
663 3058 867 3149 παραδόντες
903 3064 1040 3151 οἵανπερ
1075 3062 1132 3128 καὶ
1167 3062 1370 3150 παρέλαβον,

193 3198 263 3240 non
284 3177 507 3262 intellegitur.
539 3177 660 3261 Itaque
684 3199 725 3240 ex
741 3175 804 3240 hoc
821 3177 893 3240 loco
910 3182 1148 3260 argumentum
1164 3175 1207 3240 ad
1222 3182 1369 3261 tempus,

196 3305 261 3368 quo
301 3285 407 3348 altera
441 3285 698 3348 Hellenicorum
741 3306 819 3369 pars
865 3282 1052 3370 composita
1091 3284 1151 3366 sit,
1205 3283 1371 3348 constitu-

195 3391 321 3456 endum
357 3391 436 3455 duci
470 3414 568 3477 posse
602 3397 694 3455 recte
728 3397 941 3475 negaverunt
964 3391 1206 3474 Jungmannus
1231 3389 1369 3469 (Philol.

194 3499 338 3584 Anzeig.
357 3500 389 3565 V
404 3499 479 3578 139)
504 3505 538 3562 et
553 3498 836 3563 Breitenbachius
861 3499 909 3578 (Z.
924 3497 947 3561 f.
961 3496 992 3560 d.
1009 3496 1250 3581 Gyrnnasialw.
1271 3498 1370 3583 1871,

304 3745 330 3816 1)
367 3746 509 3800 Aristides
536 3764 575 3800 or.
595 3746 669 3798 XIX
688 3765 715 3816 p.
734 3745 787 3797 419
810 3743 895 3796 Dind.
916 3743 1072 3797 Cadmeam
1101 3748 1271 3813 occupatam
1299 3743 1371 3800 dicit

196 3856 261 3893 curn
273 3836 383 3908 Pythia
396 3835 616 3903 celebrarentur,
643 3851 730 3904 quare
745 3832 907 3887 Olintonius
926 3832 969 3901 (F.
989 3833 1027 3885 Η.
1047 3833 1090 3889 Ol
1105 3835 1147 3899 99,
1166 3831 1194 3901 3)
1209 3837 1237 3886 et
1248 3833 1370 3889 Grotius

195 3929 225 3982 X
242 3929 296 3981 480
314 3927 369 3981 hoc
388 3945 413 3979 a.
433 3927 486 3979 382
504 3925 641 3978 accidisse
659 3924 802 3992 iudicant;
834 3920 950 3976 Curtius
970 3940 1020 3975 cur
1038 3921 1160 3975 Aristidi
1179 3921 1265 3975 fidem
1284 3923 1369 3985 abro-

196 4023 245 4089 get
265 4016 324 4088 (Gr.
344 4015 445 4071 Gesch.
465 4013 531 4068 111⁵
551 4015 612 4067 240.
638 4015 701 4080 Tuo)
720 4030 778 4065 non
798 4012 889 4067 video.
909 4042 940 4050 —
961 4012 1063 4082 ltaque
1082 4011 1196 4065 etiamsi
1219 4011 1369 4068 Nitschius

196 4126 298 4162 verum
316 4104 446 4173 vidisset,
465 4103 681 4158 Hellenicorum
700 4103 791 4154 altera
809 4118 876 4172 pars
888 4119 947 4154 non
959 4100 1035 4155 inter
1048 4118 1072 4154 a.
1086 4101 1140 4153 381
1152 4106 1181 4153 et
1193 4101 1246 4154 383
1260 4102 1370 4173 scripta

197 4215 259 4251 esse
278 4197 400 4263 deberet,
420 4194 469 4247 sed
488 4212 554 4247 vere
573 4212 598 4246 a.
618 4193 670 4247 382
689 4189 774 4245 scribi
793 4189 896 4261 potuit.

304 4287 333 4352 2)
371 4283 552 4355 „Xenophon
565 4283 664 4337 wiirde
677 4283 732 4335 den
745 4280 836 4333 Mund
855 4279 936 4333 nicht
955 4298 986 4333 so
999 4280 1057 4335 voll
1070 4296 1243 4349 genommen
1255 4279 1368 4335 haben“

196 4374 345 4430 Nitschius
364 4375 381 4429 l.
401 4373 419 4427 l.
