2932 4874
620 213 840 278 ,86-

141 389 297 456 rissimae
320 389 452 472 insunt3
478 370 542 472 ἆρα
559 391 650 467 enim
675 391 813 456 omnino
837 413 906 455 non
921 391 1056 475 legitur,
1083 371 1104 474 ἦ
1128 389 1234 454 semel
1253 385 1304 471 (IV

142 497 174 582 5,
196 493 255 580 44)
278 488 329 570 τίς
354 478 418 572 οὖν,
443 496 519 570 πιῦς
543 479 599 558 οὖν
622 500 727 563 semel
751 499 888 584 singula
911 498 974 578 (IV
1000 498 1027 581 1,
1055 497 1111 581 11,
1136 497 1191 561 III
1206 497 1236 581 ὅ,
1260 491 1303 578 14)

142 626 253 689 neque
277 603 427 669 crebrius
451 597 501 677 τίς
526 595 566 688 δή
590 603 657 688 (ΙΙΙ
680 606 710 690 3,
735 602 780 687 ὅ).
818 606 961 670 Prorsus
977 605 1043 670 alia
1058 626 1140 670 vero
1157 603 1200 669 de
1220 626 1303 669 causa

141 712 274 795 iisdem,
311 711 439 796 quibus
468 734 529 776 nos
555 713 782 798 attribuimus,
823 711 1032 799 temporibus
1070 710 1302 798 Cyropaedian

143 819 304 905 scriptam
339 841 413 883 esse
443 819 575 883 censuit
602 820 793 884 Henkelius
822 821 1005 901 (Isokrates
1027 819 1099 883 und
1122 818 1302 907 Xenophon

140 949 172 1012 p.
197 926 240 1010 4),
266 925 424 1011 quicum
448 948 487 990 ea
510 926 623 1011 verba,
647 950 732 1012 quae
756 928 835 1013 Oyr.
860 927 960 1011 1111,
986 928 1029 991 38
1051 927 1223 1012 leguntur,
1246 947 1301 990 non

143 1033 217 1097 sine
241 1033 354 1118 aliqua
381 1032 631 1118 probabilitatis
667 1034 780 1121 specie
815 1033 859 1099 ad
883 1033 1031 1099 Socratis
1060 1039 1205 1098 mortem
1230 1031 1279 1097 ref
1291 1069 1300 1080 -

141 1139 247 1205 renda
282 1162 355 1204 esse
391 1146 540 1224 censeat,
577 1140 659 1206 haec
695 1147 879 1227 postquam
913 1140 1110 1226 Xenophon
1146 1141 1187 1205 ab
1210 1139 1299 1205 Athe·
1341 1144 1343 1217 ἷ

141 1247 319 1312 niensibus
342 1256 521 1312 revocatus
546 1254 635 1313 esset
659 1249 785 1335 scripta
801 1249 894 1332 dicit,
921 1271 996 1313 oum
1013 1248 1071 1312 ille
1088 1253 1160 1313 tam
1177 1248 1299 1312 mitibus

140 1355 255 1421 verbis
290 1361 390 1440 atque
425 1355 500 1419 sine
531 1356 601 1420 ulla
635 1356 685 1419 ira
720 1355 878 1442 magistri
917 1356 959 1421 ab
994 1356 1063 1420 illis
1100 1353 1299 1420 condemnati
1341 1390 1343 1397 ·

142 1462 352 1527 mentionem
376 1461 488 1527 faciat.
548 1462 621 1540 Quo
656 1471 771 1527 tamen
800 1469 998 1549 argumento
1022 1462 1111 1527 nihil
1128 1462 1220 1527 aliud
1241 1484 1299 1547 pro·
1341 1478 1343 1485 '

141 1570 216 1635 bari
231 1577 324 1657 pute,
349 1592 449 1654 quam
466 1569 556 1656 quod
573 1570 655 1634 haee
671 1571 772 1656 longo
789 1579 865 1657 post
888 1594 917 1635 a.
931 1571 996 1634 399
1014 1570 1123 1656 spatio
1140 1570 1300 1635 interiecto

143 1678 269 1765 scripta
294 1700 366 1742 esse
390 1684 531 1763 oportet.
583 1678 686 1742 Nulla
720 1685 833 1743 autem
869 1677 1036 1743 dubitatio
1060 1678 1300 1762 relinqueretur,

144 1785 227 1871 quin
252 1791 402 1849 extrema
425 1784 666 1871 Xenophontis
702 1790 813 1850 aetate
837 1785 1051 1872 Cyropaedia
1084 1785 1239 1850 confecta
1259 1784 1300 1867 sit,

142 1894 172 1957 si
196 1899 385 1957 extremum
403 1897 512 1979 caput,
538 1892 627 1977 quod
651 1892 882 1986 Cyropaediae
906 1893 1078 1979 epilogum
1101 1915 1222 1957 vocare
1238 1914 1302 1958 con·

142 2001 330 2083 suevimus,
371 1999 412 2064 ab
448 2000 521 2085 ipso
557 2000 787 2086 Xenophonte
823 2001 986 2086 scriptum
1025 2022 1099 2064 esse
1139 2004 1303 2065 constaret.

141 2106 211 2174 Ubi
227 2107 310 2172 haee
332 2107 495 2193 leguntur
511 2107 602 2192 (Cyn
620 2108 707 2173 VIII
723 2109 754 2191 8,
779 2104 828 2191 4):
854 2107 908 2167 νῦν
931 2101 966 2167 δὲ
990 2101 1045 2167 καὶ
1070 2095 1109 2192 ἥν
1132 2127 1183 2180 τις
1207 2096 1305 2188 ὥσπερ

144 2205 363 2299 Μιθριδάτης
397 2206 454 2275 τὸν
488 2208 618 2299 πατέρα
640 2203 897 2300 Ἀριοβαρζάνην
920 2206 1078 2297 προδούς,
1115 2208 1172 2274 καὶ
1203 2203 1241 2300 ἢν
1265 2233 1305 2285 τις

143 2310 256 2406 ὥσπερ
281 2311 477 2407 Ῥεομίθρης
511 2314 569 2407 τὴν
605 2321 740 2403 γυναῖκα
775 2316 830 2382 καὶ
866 2313 907 2382 τοὶ
942 2316 1037 2382 τέκνα
1072 2315 1128 2381 καὶ
1156 2313 1232 2396 τοὺς
1253 2319 1305 2380 τῶν
1340 2292 1343 2335 Ι

143 2422 250 2513 φίλων
272 2424 400 2502 παῖδας
424 2418 565 2514 ὁμήρους
594 2420 687 2512 παρὰ
723 2429 770 2511 τη]
793 2421 975 2511 Αἰγυπτίῳ
1004 2420 1235 2509 ἐγκαταλιπών
1260 2419 1304 2488 καὶ

143 2528 220 2610 τούς
253 2529 426 2616 μεγίστους
462 2525 576 2619 ὅρκους
612 2528 768 2619 παραβὰς
802 2532 934 2616 βασιλεῖ
969 2527 1047 2621 δόξῃ
1083 2557 1115 2596 τι
1151 2526 1303 2620 σύμφορον

142 2643 294 2728 ποιῆσαι,
332 2625 423 2705 οὗτοί
450 2636 532 2704 εἰσιν
561 2636 591 2704 oi
630 2643 703 2717 ταῖς
737 2637 908 2725 μεγίσταις
935 2642 1049 2721 τιμαῖς
1080 2635 1301 2726 γεραιρόμενοι.

143 2750 410 2816 Ariobarzanem
436 2751 610 2837 Phrygiae
637 2752 778 2817 minoris
808 2757 979 2839 satrapam
1003 2775 1022 2815 a
1044 2774 1126 2837 rege
1154 2750 1303 2816 defecisse

143 2866 248 2924 testes
271 2864 351 2924 sunt
367 2859 537 2923 Diodorus
555 2859 624 2924 XV
639 2860 682 2924 90
704 2864 738 2923 et
756 2859 1005 2945 Harpocration
1028 2881 1053 2923 s.
1072 2852 1152 2940 v.1);
1183 2857 1271 2944 quod
1283 2877 1304 2919 a.

143 2963 268 3049 367165
291 2965 419 3030 factum
444 2989 517 3031 esse
541 2989 658 3031 omnes
681 2966 835 3031 homines
867 2966 959 3031 docti
994 2965 1215 3052 comprobant
1243 2961 1287 3049 (of
1299 3010 1304 3025 .

141 3073 363 3158 Krumbhola‚
400 3074 441 3138 de
465 3073 569 3138 Asiae
603 3074 745 3138 minoris
774 3074 918 3160 satrapis
946 3073 1094 3138 Persicis
1123 3095 1156 3158 p.
1181 3073 1236 3137 69.
1261 3071 1306 3151 723

143 3181 249 3246 Grote
272 3182 309 3244 X
324 3177 414 3264 469).
461 3180 494 3245 A
517 3180 589 3245 filio
613 3180 736 3245 deinde
753 3180 953 3245 Mithridate
976 3179 1149 3266 proditum
1172 3180 1211 3244 in
1226 3179 1323 3266 regis,

142 3293 347 3375 potestatem
381 3288 544 3352 incidisse
578 3288 782 3353 Aristoteles
818 3310 951 3373 quoque
985 3281 1176 3370 testarur2);
1213 3285 1312 3352 cruci·

142 3395 248 3460 fixum
272 3418 350 3459 eum
374 3417 446 3459 esse
479 3395 551 3460 iure
580 3394 665 3460 dicit
687 3396 936 3483 Harpocration
959 3396 980 3459 l.
1004 3395 1043 3477 l.;
1079 3393 1170 3479 quod
1193 3394 1267 3460 fere
1289 3417 1314 3460 a.

143 3503 209 3567 364
232 3501 395 3567 accidisse
418 3501 555 3567 uidetur
579 3502 781 3587 (Rehdantz²
805 3503 906 3569 Vitae
929 3502 1004 3589 Iph.
1027 3501 1149 3567 Chabr.
1169 3502 1318 3569 Timoth.

143 3634 175 3697 p.
204 3607 290 3694 155).
338 3611 433 3675 Duos
469 3632 548 3675 vero
581 3610 842 3695 Ariobarzanes,
880 3632 1021 3695 quorum
1056 3609 1193 3694 utrique
1230 3609 1320 3676 filius

144 3754 357 3762 —-..-—--—-

253 3839 279 3910 Ι)
315 3841 487 3912 Harpocrat.
516 3859 537 3895 S.
566 3859 607 3896 v.:
641 3833 848 3911 Ἀριοβαρζάνης
886 3832 1026 3909 σατράπης
1059 3843 1185 3909 Φρυγίας
1205 3831 1323 3893 ἀποδει-

140 3933 223 4000 χθεὶς
237 3917 315 3988 οὗτος
328 3922 404 4001 παρὰ
413 3923 586 4001 Ἀρταξέρξου
605 3931 668 4001 (pro
684 3930 784 4000 Ξέρξου
797 3929 922 3983 correxit
934 3928 1035 3998 Meyer
1048 3927 1083 3982 de
1096 3926 1179 3981 bonis
1192 3927 1325 3985 damma-

143 4025 240 4075 torum
259 4038 286 4092 p.
305 4020 351 4086 55)
373 4013 483 4088 ἀπέστη,
507 4012 536 4077 ὃς
563 4022 610 4070 καὶ
641 4012 806 4076 ἀποστείλας
828 4010 896 4069 λαὸν
918 4009 980 4075 τοὺς
1008 4009 1220 4088 πολεμήσαντας
1252 4013 1328 4088 αὐτῷ

144 4113 194 4162 καὶ
209 4103 419 4180 χειρωσόμενος
438 4101 617 4178 ἐσταύρωσεν.
646 4108 728 4165 Diod.
739 4109 795 4163 XV
809 4110 856 4162 90:
880 4106 940 4160 Τών
959 4099 1151 4177 ἀφεστηκότων
1171 4108 1328 4179 σατραπῶν

143 4193 215 4266 ἦσαν
235 4201 451 4269 ἐπιφανέστατοι
466 4190 674 4268 Ἀριοβαρζάνης
691 4198 744 4269 μὲν
763 4190 778 4249 ὁ
797 4196 842 4264 τῆς
862 4202 987 4267 Φρυγίας
1006 4189 1153 4266 σατράπης.

254 4290 282 4358 2)
301 4289 390 4342 Arist.
403 4288 465 4341 Pol.
482 4288 550 4341 1312
563 4306 580 4341 a
599 4287 637 4354 (V
650 4288 676 4356 8,
691 4285 748 4356 rh:
768 4285 950 4356 καταηρονών
963 4289 1010 4337 καὶ
1025 4278 1073 4337 διὰ
1086 4284 1185 4356 κέρδος
1198 4287 1327 4342 ἐπετίθει

141 4372 333 4450 Ἀριοβαρζιὶνη
354 4371 542 4448 Μιθριδάτης.
563 4376 615 4435 cfr.
636 4376 746 4431 Cornel.
766 4377 836 4448 Nep.
856 4376 922 4430 Dat.
942 4376 972 4430 X
992 4377 1015 4431 1.
1090 4394 1098 4405 ·
