2932 4874
617 173 834 238 -ru-

139 363 200 442 ret,
226 378 287 444 per
309 361 456 421 aetatem
480 354 619 440 quidem
641 353 717 417 fieri
740 348 893 438 potuit1),
919 351 979 416 sed
995 351 1097 417 certis
1119 349 1321 416 rationibus

140 487 209 530 non
242 464 413 550 probatur.
473 462 684 546 Quamquam
714 461 805 525 enim
831 460 948 524 Cicero
983 458 1038 540 (de
1061 459 1191 524 invent.
1217 458 1237 522 I
1261 459 1323 523 31.

141 571 200 637 cfr.
227 571 369 648 Quintil.
394 570 426 635 V
452 571 502 653 11,
527 565 585 650 27)
605 567 787 633 Aeschinis
811 567 975 633 Socratici
991 567 1163 651 dialogum
1185 564 1324 650 laudat,

142 701 207 765 quo
231 679 289 743 1116
312 677 493 763 Aspasiam
522 699 597 740 cum
627 673 857 761 Xenophonte
883 674 1023 760 eiusque
1046 694 1149 738 uxore
1172 673 1324 758 loquen-

140 793 210 851 tem
234 785 317 850 fecit
340 782 415 867 (cfr.
442 783 478 848 O.
503 785 543 847 F.
571 782 763 847 Hermanni
787 781 828 846 de
852 781 974 846 Aesch.
1001 781 1092 847 Socr.
1108 781 1181 845 rell.
1198 802 1323 867 progr.

146 893 303 978 Gotting.
324 888 435 974 1850),
459 896 574 955 tamen
590 897 744 954 nostrum
759 889 1026 976 Xenophontem
1043 886 1326 974 intellegendum

142 1022 216 1065 esse
239 1021 350 1084 neque
375 999 494 1062 Cicero
518 996 675 1081 tradidit,
711 1019 821 1082 neque
849 1020 909 1083 per
932 1003 1123 1082 temporum
1146 995 1325 1061 rationem

140 1106 328 1172 verisimile
379 1113 439 1170 661.
517 1105 692 1170 Summam
730 1104 837 1189 igitur
874 1103 1125 1190 probabilitatis
1165 1103 1325 1190 speeiem

141 1213 282 1278 Ruehlii
298 1213 491 1278 coniectura
506 1212 619 1297 habet,
644 1212 704 1297 qui
720 1211 987 1297 Xenophontem
1010 1211 1108 1275 illum
1125 1210 1323 1296 Meliteum,

140 1319 319 1406 Euripidis
354 1319 478 1404 fflium,
516 1321 575 1405 qui
608 1341 697 1383 unns
731 1318 798 1383 fuit
833 1341 875 1382 ex
905 1317 1022 1382 decem
1052 1317 1323 1403 imperatoribus

141 1451 168 1492 a.
198 1427 275 1492 440.
312 1427 412 1491 classi
451 1435 569 1492 contra
607 1428 746 1492 Samum
784 1425 931 1489 insulam
970 1425 1093 1489 missae
1131 1423 1324 1510 praefectis

141 1533 257 1614 (schol.
295 1532 438 1599 Aristid.
475 1535 596 1599 Periol.
626 1556 658 1620 p.
686 1531 934 1617 1661166611,
970 1531 1030 1597 cfr.
1067 1532 1108 1597 G.
1144 1532 1321 1618 Droysen,

141 1642 257 1706 Herm.
286 1642 341 1705 IX
364 1642 399 1723 43
436 1641 676 1707 Wilamowitz.
713 1641 806 1704 Mod.
842 1640 952 1704 Index
986 1641 1078 1704 lectt.
1116 1639 1321 1726 Gryphisw.

144 1745 300 1830 1877178)
329 1748 599 1833 intellegendum
624 1771 697 1812 esse
725 1742 950 1830 arbitratur‘2).
986 1747 1083 1812 Idem
1106 1748 1321 1813 16166429

141 1855 179 1920 in
204 1855 348 1920 Thracia
371 1855 461 1942 apud
486 1856 679 1942 Spartolum
703 1856 875 1920 interiisse
898 1855 1045 1920 videtur.
1087 1853 1256 1940 (Thucyd.
1280 1855 1321 1920 H

142 1963 194 2027 70.
220 1964 272 2028 79.
308 1962 562 2028 Μ111161-8111111.
587 1962 833 2048 Aristophanes
849 1985 881 2027 u.
900 1962 931 2028 d.
948 1963 1029 2028 hist.
1054 1962 1145 2027 Krit.
1170 1985 1202 2048 p.
1220 1959 1318 2046 621).

141 2068 240 2134 Adde
276 2069 365 2154 quod
400 2070 524 2135 liberos
560 2069 626 2134 sibi
655 2093 682 2134 6.
707 2071 772 2134 399
800 2070 951 2137 nondum
986 2070 1092 2134 fuisse
1114 2069 1321 2156 Xenophon

142 2177 216 2263 ipse
239 2184 394 2261 testatur,
419 2199 496 2242 cum
520 2176 611 2242 dicat
634 2175 758 2262 (Anab.
775 2178 844 2243 VH
868 2179 897 2262 6,
923 2177 992 2256 34)
1018 2169 1148 2262 Σεύθην
1171 2164 1321 2262 ἤλπιζον

142 2267 175 2345 eri
193 2275 340 2368 ποιήσας
363 2274 438 2363 μεθ’
458 2274 782 2370 11μῶνᾶαοσῑροφ1)ν
805 2279 861 2345 καὶ
886 2279 960 2364 ἐμοὶ
983 2277 1086 2369 καλὴν
1101 2278 1157 2344 καὶ
1181 2277 1318 2363 παισίν,

143 2383 172 2452 εἰ
196 2385 349 2472 γένοιντο,
374 2384 640 2478 καταθήσεσθαι.
688 2393 905 2458 Simultatem
927 2414 1009 2458 vero
1033 2393 1065 2456 ei
1088 2392 1157 2456 illis
1180 2399 1318 2477 tempo-

141 2498 235 2563 ribus
264 2521 340 2563 cum
373 2499 516 2564 Platone
547 2500 780 2564 intercessisse
815 2498 875 2584 (id,
912 2500 1002 2585 quod
1036 2505 1176 2567 narrant
1201 2499 1319 2588 ⁴Diog.

141 2606 180 2671 L.
204 2606 241 2670 Π
264 2606 317 2690 57,
353 2605 480 2672 Athen.
504 2607 568 2671 IX.
605 2608 670 2672 507
703 2608 743 2672 Β.
785 2608 916 2673 Gellius
951 2609 1038 2673 XIV
1073 2604 1107 2689 3)
1145 2606 1218 2670 iure
1255 2629 1321 2675 suo

141 2713 336 2779 Boeohhius
358 2714 540 2800 negavisse
564 2715 700 2781 videtur
719 2714 806 2780 libro
831 2716 890 2800 qui
914 2715 1126 2780 inscribitur:
1167 2714 1241 2799 „De
1270 2721 1321 2780 61-

143 2822 295 2905 multate,
321 2844 406 2906 quae
422 2821 530 2887 fertur
545 2822 683 2887 Platoni
707 2845 783 2886 cunr
799 2823 1030 2910 Xenophonte
1047 2819 1321 2910 intercessisse“,

144 2935 233 2994 66116
257 2929 320 2994 hoo
345 2949 386 2993 ex
410 2952 517 3014 6616,
543 2929 633 3015 quod
656 2953 675 2994 a
698 2930 841 2995 Platone
862 2931 1058 3016 Xenophon
1082 2929 1221 2995 omnino
1245 2953 1323 2998 non

251 3175 277 3248 1)
314 3175 890 3249 1116111611ρο11111,111Χ61161111611,16111
904 3184 1059 3248 antequam
1072 3178 1109 3232 ad
1122 3178 1231 3248 Cyrum
1250 3195 1323 3249 pro·
1402 3174 1405 3180 ⁴

143 3265 327 3336 ficisoeretur,
350 3283 470 3322 uxorem
493 3267 618 3336 duceret,
643 3272 719 3321 certe
742 3267 853 3322 Sotirae
877 3267 903 3321 ei
926 3285 1031 3321 nomen
1054 3266 1145 3322 fuisse
1162 3267 1323 3338 Krnegero

144 3353 758 3426 (811111.Π275.)1161166116611611(111111661.
796 3358 869 3412 Cum
889 3357 965 3412 enim
993 3356 1088 3410 Sotira
1116 3374 1174 3410 non
1201 3355 1260 3410 nisi
1288 3357 1324 3414 in

144 3444 267 3516 epistula
280 3445 604 3517 pseudo-xenophontea
617 3452 857 3501 commemoretur
867 3445 956 3516 (Stob.
970 3446 1046 3499 Flor.
1059 3447 1118 3499 121.
1132 3447 1175 3516 373
1187 3445 1262 3500 Χ611.
1273 3449 1322 3503 ed.

143 3534 256 3606 Sauppe
275 3536 302 3590 V
320 3554 347 3606 p.
367 3533 431 3605 291)
451 3540 537 3607 atque
555 3535 603 3590 hic
621 3536 785 3606 Xenophon
805 3555 869 3590 eam
887 3537 922 3589 de
941 3534 1035 3605 Grylli
1053 3540 1146 3588 morte
1165 3535 1324 3591 consolans

143 3623 281 3695 fingatur,
308 3623 497 3695 epistularum
519 3625 635 3679 fabrum
658 3625 746 3695 illam,
770 3643 829 3679 non
852 3643 939 3695 quam
958 3624 1104 3695 Diogenes
1126 3623 1222 3693 tradit,
1247 3625 1323 3680 Phi-

144 3713 245 3767 16616111
271 3713 367 3783 Grylli
394 3720 517 3768 matrem
544 3714 679 3770 habuisse
703 3720 831 3786 apparet.
869 3714 981 3769 Sotirae
1008 3732 1077 3769 vero
1107 3731 1213 3768 nornen
1241 3716 1324 3771 unde

145 3802 193 3857 ille
212 3802 349 3873 hauserit,
368 3802 472 3857 1166616.
584 3875 587 3882 ,

252 3891 280 3962 2)
316 3893 427 3948 Ρ611616
450 3899 565 3947 mortuo
589 3894 734 3964 Lysielem
756 3893 896 3966 Aspasiae
921 3893 1128 3949 consuetudine
1153 3911 1237 3947 usum
1256 3910 1323 3950 esse

144 3980 303 4036 Aeschines
316 3983 400 4037 testis
413 3988 456 4037 est
474 3983 563 4049 (Plut.
577 3984 679 4038 Pcriel.
694 3984 735 4039 24.
751 3984 800 4037 cfr.
815 3983 864 4036 Ar.
878 3984 951 4054 Equ
967 3983 1031 4049 764;
1050 3982 1322 4055 Muller-Striibing.

144 4071 233 4124 Arist.
252 4091 279 4143 p.
300 4073 372 4140 583).
409 4072 454 4126 De
472 4073 630 4144 posteriore
648 4072 789 4144 Aspasiae
813 4072 874 4128 vita
898 4078 984 4143 atque
1008 4072 1088 4126 exitu
1111 4071 1185 4126 nihil
1204 4077 1323 4127 constat

145 4158 257 4230 (Cobet,
275 4162 448 4233 Prosopogr.
468 4162 542 4216 Χ611.
562 4181 589 4233 p.
609 4161 662 4233 77),
691 4163 741 4216 sed
769 4181 833 4217 eam
861 4180 951 4233 usque
976 4162 1013 4216 ad
1036 4162 1066 4216 id
1088 4167 1203 4234 tempus
1226 4161 1322 4218 vitam

130 4249 326 4321 ¹produxisse,
346 4270 402 4322 quo
430 4252 594 4324 Xenophon
613 4251 707 4322 Grylli
725 4251 745 4305 f.
766 4270 884 4306 uxorem
912 4253 1014 4306 (1116616
1041 4251 1144 4324 potuit,
1172 4251 1323 4323 probabile

145 4357 203 4395 non
223 4331 285 4395 esse
303 4341 425 4397 videtur.
