2932 4874
596 216 816 287 ...61.....

227 398 295 465 Sed
319 406 500 484 antequam
516 400 696 465 Hellenica
718 401 823 465 missa
846 400 957 466 facere
973 422 1160 487 possumus,
1185 421 1291 487 pauca

115 507 160 572 de
184 529 299 572 eorum
315 507 486 572 sententia
502 499 658 572 addbnda
674 514 763 592 sunt,
788 507 847 593 qui
869 530 940 573 non
955 507 1063 594 ipsius
1079 507 1290 595 Xenophon-

114 615 164 679 tis
188 636 280 701 opus,
306 613 367 679 sed
390 614 562 699 epitomen
585 613 685 680 modo
709 638 751 680 ex
774 637 813 680 eo
837 613 962 679 factam
996 615 1094 680 nobis
1122 621 1292 681 servatam

117 744 193 787 esse
215 727 348 807 putant.
407 722 500 799 Quae
534 721 663 808 primus
693 722 867 808 Oampius,
902 722 1159 788 Hellenicorum
1186 723 1291 788 inter·

114 835 268 915 pretator
291 829 524 913 Germanicus,
549 829 615 894 sibi
638 829 808 915 persuasit
832 830 872 910 (a.
892 831 977 894 1856
1000 829 1106 916 praef.
1130 853 1164 917 p.
1180 827 1290 915 VIII),

115 935 241 1001 deinde
271 936 420 1001 Graecus
455 935 574 1001 doctus
598 927 791 1019 Κυπριανός
813 930 906 1020 (περὶ
929 936 994 997 τῶν
1013 925 1209 1022 Ἑλληνικῶν
1232 937 1291 999 τοῦ

114 1039 339 1127 Ξενοφῶντος.
389 1044 484 1108 1859.
525 1043 665 1124 Athen.)
709 1066 772 1108 nec
817 1066 887 1109 non
922 1066 978 1110 vv.
1007 1044 1063 1110 dd.
1087 1044 1292 1130 Jungclaus-

114 1172 181 1215 sen
207 1150 332 1236 (progr.
356 1149 507 1216 Meldorf
529 1150 640 1237 1862),
675 1151 716 1215 D.
743 1151 921 1217 Fabricius
957 1148 1090 1235 (Jahrb.
1120 1151 1143 1216 f.
1168 1151 1291 1217 Philol.

114 1265 144 1324 t.
169 1252 312 1342 93,455),
339 1259 480 1323 Grosser
504 1255 599 1341 (ibid.
617 1281 649 1345 p.
664 1258 743 1340 7213
768 1265 793 1323 t.
806 1259 850 1322 95
866 1280 897 1344 p.
916 1259 995 1341 7373
1020 1265 1044 1323 t.
1064 1259 1137 1343 105,
1157 1281 1190 1344 p.
1204 1259 1293 1342 723).

117 1363 189 1442 Qui
211 1365 254 1429 ad
278 1365 484 1430 sententiam
509 1388 604 1430 suam
628 1364 894 1431 confirmandam
925 1364 1055 1430 duobus
1078 1366 1295 1453 potissimum

116 1472 332 1558 argumentis
354 1473 409 1537 usi
433 1479 522 1538 sunt.
568 1473 723 1538 Primum
752 1473 844 1537 enim
872 1471 998 1538 librum
1026 1479 1078 1538 tot
1101 1473 1198 1538 vitiis
1222 1496 1294 1538 cor-

114 1585 258 1666 ruptum
282 1580 375 1644 etin
400 1603 465 1666 quo
488 1586 541 1646 tot
563 1603 617 1645 res
640 1580 897 1666 praetermissae
921 1586 1015 1666 sunt,
1040 1603 1125 1665 quae
1150 1602 1294 1645 comme·

114 1685 301 1751 morandae
326 1686 488 1771 fuerunt,
524 1711 543 1752 a
569 1689 799 1774 Xenophonte
834 1688 937 1753 scribi
970 1689 1121 1775 potuisse
1155 1694 1293 1773 negant,

117 1793 244 1890 deinde
260 1794 481 1859 Plutarchum
493 1796 559 1860 alia
576 1803 611 1860 et
623 1819 663 1860 ea
678 1796 842 1883 amphora
857 1795 1099 1883 Xenophontis
1115 1795 1295 1860 Hellenica

115 1900 244 1986 legisse
280 1901 501 1968 contendunt.
561 1902 709 1979 Quorum
744 1903 892 1989 primum
928 1909 1167 1988 argumentum
1205 1902 1294 1989 apud

116 2008 294 2073 neminem
316 2010 454 2096 valebit,
484 2010 543 2095 qui
566 2010 608 2074 de
632 2010 747 2076 Indole
770 2016 872 2096 atque
895 2010 1036 2096 ingenio
1052 2010 1294 2095 Xenophontis

120 2115 222 2180 aliter
244 2116 382 2202 iudicat,
408 2123 442 2182 et
458 2140 535 2182 eum
551 2140 620 2183 non
635 2118 750 2182 nescio
774 2141 874 2203 quem
889 2118 1099 2203 praeclarum
1117 2140 1155 2181 ac
1179 2117 1295 2202 singu·

120 2223 227 2288 larem
249 2223 449 2289 historicum
466 2225 581 2310 fuisse,
607 2224 667 2289 sed
681 2226 781 2291 rebus
798 2225 1002 2290 militaribus
1027 2229 1062 2288 et
1083 2224 1295 2309 equestribus

123 2332 235 2417 magis
259 2331 443 2396 eminuisse
467 2355 566 2417 quam
593 2333 733 2418 litteris,
757 2333 1004 2418 praecipueque
1020 2314 1210 2397 Hellenicis
1226 2354 1296 2396 non

124 2452 236 2503 rerum
258 2445 432 2522 gestarum
460 2439 634 2525 scriptoris
663 2439 787 2505 officiis
815 2439 971 2504 functum
1000 2462 1088 2523 esse,
1122 2439 1182 2503 sed
1205 2438 1296 2523 Age·

125 2546 245 2611 silaum
269 2550 303 2609 et
318 2545 603 2615 Lacedaemonios
619 2546 840 2633 praedicandi
861 2546 1053 2611 occasiones
1078 2545 1295 2631 quaesivisse,

124 2652 343 2740 vituperandi
366 2653 522 2738 evitasse,
547 2659 582 2718 et
604 2676 689 2738 quae
713 2653 905 2718 adversaria
928 2654 996 2719 illis
1021 2653 1227 2737 acciderunt,
1252 2653 1296 2717 si·

123 2758 237 2853 lentio,
255 2760 470 2846 praeteriisse
495 2760 677 2826 existimat.
707 2761 863 2825 Alterum
878 2783 978 2826 nemo
994 2761 1062 2825 iarn
1078 2760 1145 2826 sibi
1160 2783 1296 2847 persua-

121 2865 233 2951 debit,
269 2890 346 2932 cum
380 2867 601 2932 Plutarchum
635 2891 704 2933 non
727 2868 968 2954 Xenophontis
996 2867 1201 2952 HelleniciS,
1237 2867 1297 2931 sed

115 2971 270 3063 Ephoro,
295 2975 353 3059 qui
369 2974 635 3060 Xenophontem
651 2975 745 3060 legit,
770 2998 869 3039 usum
886 2997 958 3039 esse
975 2981 1108 3039 constet
1115 2969 1149 3056 ¹).
1187 2974 1297 3051 Quare

115 3103 211 3170 quae
246 3082 342 3167 plura
375 3082 578 3147 Plutarchus
614 3082 752 3147 exhibet
786 3105 887 3167 quam
914 3082 1121 3167 Xenophon,
1157 3104 1196 3147 ea
1228 3105 1298 3147 non

105 3184 303 3258 Hellenica
326 3188 367 3252 ab
392 3210 431 3253 eo
455 3190 617 3276 ampliora
633 3213 733 3275 quam
756 3212 817 3255 nos
840 3189 1004 3254 habemus
1027 3190 1116 3254 lecta
1132 3212 1206 3254 esse
1221 3212 1297 3276 pro·

104 3290 221 3380 bant,
251 3295 311 3360 sed
333 3295 471 3381 Ephoro
500 3297 681 3362 tribuenda
709 3304 798 3362 sunt.
845 3297 965 3382 Neque
992 3297 1106 3361 minus
1128 3296 1296 3362 Diodorus

97 3491 226 3549 eodem
244 3490 317 3544 libro
336 3507 388 3561 per
405 3490 512 3544 multas
529 3489 653 3560 paginas
676 3489 773 3560 aliqua
797 3490 939 3561 particula
961 3509 1020 3545 non
1043 3491 1167 3561 legatur,
1195 3489 1297 3545 deinde

91 3580 225 3639 erebro
244 3578 274 3633 in
293 3578 393 3633 eadem
411 3579 519 3650 pagina
538 3579 589 3633 cfr.
610 3571 709 3645 δήπου,
738 3578 815 3649 qnod
834 3579 984 3651 quinquies
1002 3579 1079 3634 Hell.
1099 3579 1168 3648 113,
1181 3579 1296 3649 30-45,

89 3669 212 3728 &emel
231 3668 262 3722 in
281 3673 383 3739 quarto
403 3674 432 3723 et
450 3668 550 3739 quinto
569 3668 643 3722 libro
662 3668 770 3739 legitur
790 3668 843 3739 (IV
861 3669 887 3738 8,
905 3670 936 3739 43
955 3670 981 3724 V
1001 3671 1024 3738 1,
1046 3666 1105 3738 14),
1134 3661 1169 3734 dri
1196 3667 1240 3722 bis
1267 3667 1297 3722 in

86 3756 321 3835 eropaediae
340 3762 422 3812 sexto
435 3757 531 3812 octavi
543 3758 611 3813 libri
629 3757 731 3829 capite,
753 3760 786 3812 15
796 3758 836 3813 ies
854 3757 886 3812 in
897 3757 983 3812 tertio
1002 3756 1089 3828 primi
1098 3756 1166 3810 libri
1185 3756 1298 3827 (quater

81 3839 147 3906 in
169 3847 273 3903 eadem
293 3845 420 3901 sectione
439 3847 498 3914 13,
517 3849 534 3901 2
553 3854 582 3902 et
601 3847 642 3918 9l)
664 3878 695 3886 -
715 3847 826 3902 Eadem
850 3847 961 3901 ratione
978 3846 1176 3917 praecedentis
1195 3845 1298 3916 capitis

82 3935 212 4003 (Hell.
226 3933 325 4004 VIII)
344 3941 457 4007 partem
476 3936 599 4008 primam
619 3937 645 4007 (ξ
660 3939 758 4005 1-27)
777 3943 843 4009 post
856 3937 976 3991 alteram
989 3936 1017 4006 (ξ
1027 3938 1062 3990 27
1075 3935 1145 4006 -46)
1159 3934 1297 4007 scriptam

79 4037 186 4084 §sse
215 4023 301 4079 facile
323 4024 466 4097 Sauppius
489 4026 611 4097 probare
629 4032 734 4098 posset,
758 4027 782 4080 si
807 4027 883 4081 forte
910 4031 1123 4097 argumentum,
1151 4029 1183 4078 ut
1211 4030 1298 4095 caput

82 4111 344 4183 discinderetur,
354 4114 543 4186 permitteret,
564 4135 629 4170 cum
646 4116 678 4170 in
699 4115 816 4170 ducenis
834 4115 964 4171 versibus
982 4119 1078 4186 μέντοι
1097 4114 1155 4168 illio
1173 4113 1226 4184 bis,
1249 4113 1298 4168 hic

84 4204 214 4261 octies
233 4204 355 4276 legatur.

235 4293 262 4362 1)
300 4292 351 4350 cfr.
385 4293 545 4364 Stedcfcld,
578 4295 622 4349 De
653 4293 800 4365 Lysandri
833 4293 1000 4349 Plutarchei
1034 4293 1172 4352 fontibus.
1220 4295 1297 4349 1867.

92 4373 171 4441 W.
192 4383 304 4451 Fricke,
325 4384 445 4451 Quellen
464 4385 620 4439 Plutarcbs
638 4385 679 4438 im
699 4385 797 4439 Leben
815 4383 841 4437 d.
855 4383 957 4437 Nihias
980 4403 1006 4438 u.
1020 4383 1196 4440 Alkibiades.
1218 4385 1296 4439 1869.
