2896 4874
621 248 840 313 „57-

134 431 261 491 mento
287 446 380 511 neue,
416 425 506 511 quod
532 434 611 514 post
637 449 789 513 pugnam
812 427 1065 492 Mantinensem
1093 428 1149 492 vel
1172 450 1216 491 ne
1239 433 1317 513 post

134 533 359 599 Leuctricam
375 533 512 619 quidem
527 534 723 621 Xenophon
738 555 888 619 pugnam
906 535 1147 600 Coronensem:
1161 528 1316 614 νενέσ9αι

135 637 218 702 οἵαν
236 628 295 701 οὐκ
310 628 411 725 lup
426 640 490 701 τῶν
506 642 534 723 γ’
552 635 604 726 ἐφ’
622 631 714 726 ἡμῶν
731 641 842 706 dicere
855 663 927 706 non
942 641 1100 728 potuerit,
1119 663 1197 705 eum
1212 641 1316 706 tertio

135 747 261 834 quinti
274 747 354 812 libri
370 748 480 834 capite
497 749 693 835 composito,
724 749 761 812 in
784 748 837 830 115,
868 771 953 833 quae
977 771 1005 813 a.
1031 749 1095 812 379
1120 746 1318 812 acciderunt

134 853 341 920 enarrandis
364 854 557 921 substitisse
580 855 718 942 putavit
741 861 924 940 antequam
948 855 1080 920 Thebas
1104 878 1124 919 a
1145 853 1315 919 Lacedae·

133 961 335 1028 moniorum
361 961 505 1048 imperio
544 962 704 1028 liberatas
739 962 883 1027 referret
917 960 1072 1047 (Jahrbb.
1098 962 1140 1026 95
1163 983 1195 1046 p.
1221 961 1315 1055 743),

133 1067 321 1134 Nitschius
340 1091 422 1135 vero
439 1070 650 1155 (Absassung
666 1070 697 1135 d.
715 1070 806 1134 Hell.
831 1070 922 1134 Berl.
949 1071 1034 1134 1871
1051 1093 1084 1155 p.
1100 1070 1118 1134 1
1136 1066 1224 1153 sqq.)
1247 1091 1318 1134 non

135 1181 222 1264 post
239 1175 388 1261 tertium,
413 1176 474 1242 sed
497 1183 648 1242 extremo
671 1176 781 1262 primo
806 1176 918 1262 capite
936 1176 1049 1262 quinti
1072 1175 1152 1241 libri
1176 1176 1315 1241 alterius

135 1283 400 1349 Hellenicorum
428 1284 535 1370 partis
559 1284 664 1348 finem
688 1305 760 1348 esse
785 1282 912 1369 optime
936 1283 1193 1349 demonstravit.
1241 1284 1316 1348 Pri·

136 1412 238 1455 mum
250 1390 342 1455 enim
353 1413 471 1477 pacem
476 1390 724 1474 Antalcideam,
734 1412 820 1475 quae
828 1390 991 1455 Graeciae
1003 1389 1317 1475 perturbationibus

136 1496 248 1562 finem
262 1496 373 1562 facere
388 1497 579 1582 videbatur,
603 1497 779 1562 meliorem
795 1497 906 1582 operis
924 1497 1109 1561 terminum
1126 1519 1199 1562 esse
1215 1520 1318 1585 appa-

136 1611 203 1689 ret,
231 1626 332 1689 quam
348 1627 473 1670 annum
490 1605 565 1690 379,
584 1604 708 1669 deinde
724 1604 788 1668 hoc
804 1605 879 1668 loco
895 1626 974 1669 vere
991 1603 1148 1669 subsistit
1164 1605 1318 1691 scriptor,

138 1712 195 1796 iis,
235 1733 321 1796 quae
348 1733 456 1797 usque
485 1734 523 1777 eo
546 1712 708 1795 narravit,
744 1710 897 1775 breviter
920 1711 1077 1797 repetitis
1101 1707 1206 1795 (Hell.
1230 1713 1264 1778 V
1289 1714 1317 1798 1,

138 1818 297 1903 35-37),
321 1823 395 1884 tum
419 1842 460 1884 ex
483 1820 526 1885 iis
550 1841 634 1904 quae
657 1820 711 1883 Π1
731 1818 761 1902 5,
779 1819 822 1882 25
845 1819 1016 1903 leguntur,
1041 1819 1318 1905 Xenophontem,

138 1948 221 1991 cum
243 1925 327 1991 haec
356 1927 527 2012 scriberet,
563 1932 603 1991 ut
637 1924 815 1989 historiam
843 1927 933 1990 ultra
956 1948 984 1990 a.
1011 1925 1074 1989 387
1108 1924 1318 2012 perduceret,

137 2032 297 2098 nondum
320 2033 387 2099 sibi
409 2033 623 2120 proposuisse
647 2032 864 2120 perspicuum
889 2038 951 2097 051.
997 2032 1203 2097 Pausaniam
1227 2034 1319 2099 enim

135 2163 268 2227 regem,
304 2140 364 2225 qui
398 2163 474 2205 cum
513 2140 621 2205 5511115
649 2162 750 2226 quam
786 2162 862 2204 cum
885 2140 1063 2224 Lysandro
1094 2140 1319 2210 constituerat

137 2246 306 2331 venisset,
342 2247 464 2334 proelii
491 2247 674 2313 Haliartici
703 2246 819 2310 amissi
848 2253 964 2311 auctor
990 2247 1067 2331 fuit,
1103 2270 1123 2311 a
1150 2248 1319 2313 Lacedae-

139 2353 267 2419 moniis
300 2353 401 2419 exilio
429 2355 610 2419 multatum
643 2377 671 2419 a.
697 2354 762 2417 395
787 2353 936 2437 Tegeam
960 2355 1166 2441 confugisse,
1202 2355 1318 2440 ibique

138 2461 258 2528 morbo
287 2460 479 2526 confectum
506 2459 598 2525 diem
631 2483 826 2548 supremum
854 2461 980 2526 obiisse
1006 2460 1111 2526 refert
1137 2463 1193 2527 ΙΠ
1215 2464 1246 2547 5,
1275 2464 1318 2527 25

141 2561 213 2650 (καὶ
237 2559 353 2652 ἔφυγεν
376 2559 424 2642 εἰς
452 2561 572 2648 Τεγέαν
595 2562 652 2628 καὶ
668 2559 872 2653 ἐτελεύτησεν
888 2563 956 2629 ἐκεῖ
972 2560 1078 2650 νόσῳ),
1116 2569 1185 2634 Sed
1201 2569 1318 2635 decem

139 2675 213 2741 fere
237 2675 337 2741 annis
359 2681 437 2762 post
460 2672 606 2739 eundem
626 2675 831 2740 Pausaniam
847 2698 907 2761 pro
923 2675 1207 2762 Mantinensibus,
1232 2669 1319 2760 πρὸς

141 2769 199 2857 οὓς
220 2772 312 2862 μάλα
336 2779 478 2867 φιλικῶς
500 2770 591 2859 εἶχεν,
627 2782 738 2847 filium
760 2782 975 2868 Agesipolim
1004 2782 1221 2869 deprecatum
1245 2807 1319 2849 5555

142 2896 261 2955 narrat
288 2890 378 2954 Hell.
403 2891 436 2956 V
459 2891 490 2974 2,
514 2891 545 2954 3.
595 2889 716 2974 Itaque
752 2912 830 2954 cum
864 2889 1005 2954 exilium
1038 2890 1130 2975 regis
1165 2890 1317 2975 referret,

143 2998 218 3063 eius
241 2996 280 3061 in
303 2997 403 3063 rebus
426 2997 534 3082 gestis
559 2995 757 3061 enarrandis
781 2997 849 3061 iam
872 3019 942 3061 non
958 2997 1168 3062 mentionem
1191 2998 1318 3064 facien-

142 3103 221 3169 dam
244 3102 317 3168 fore
341 3110 375 3167 et
398 3109 542 3168 mortem
565 3104 636 3168 illic
660 3104 788 3190 optime
816 3104 922 3167 inseri
951 3103 1171 3190 existimavit,
1208 3112 1242 3170 et
1277 3105 1319 3170 de

142 3209 288 3276 historia
310 3211 399 3275 ultra
423 3234 450 3276 a.
468 3211 534 3276 387
549 3211 765 3296 perducenda
787 3210 940 3275 nondum
955 3211 1131 3295 cogitavit.
1150 3249 1191 3257 —
1208 3211 1318 3296 Adde,

142 3316 235 3404 quod
257 3317 350 3382 idern
372 3318 593 3402 magistratus
616 3340 722 3403 usque
746 3318 790 3383 ad
813 3319 845 3385 V
862 3320 892 3403 2,
918 3319 936 3382 1
961 3311 1157 3393 ἐπιστολεύς
1179 3325 1320 3385 vocatur

142 3423 301 3510 (11,15;
323 3424 458 3509 111,5;
482 3425 534 3491 IV
555 3427 587 3509 8,
614 3426 669 3508 113
694 3426 821 3509 V1,5.
846 3421 898 3509 6),
923 3432 1075 3491 extrema
1097 3449 1179 3491 uero
1202 3426 1319 3491 Helle-

140 3531 298 3598 nicorum
331 3539 428 3618 parte
463 3524 745 3617 ἐπιστολιαφόρος
779 3535 829 3600 VI
859 3533 888 3617 2,
921 3534 973 3598 15.
1016 3571 1057 3578 —
1100 3533 1230 3610 Quibus
1276 3531 1319 3597 de

143 3640 255 3705 causis
290 3639 467 3731 Nitschius
501 3640 767 3726 Xenophontem
801 3641 911 3728 primo
947 3641 1057 3728 capite
1092 3639 1205 3724 quinti
1239 3639 1320 3705 libri

143 3746 332 3833 composito
355 3746 548 3812 substitisse
571 3754 663 3813 15515
686 3746 861 3813 iudicavit.

253 3853 321 3919 Sed
346 3855 489 3919 certiora
513 3855 616 3920 etiam
644 3855 779 3922 efficere
813 3852 937 3938 uoluit,
974 3878 1051 3919 cum
1078 3855 1167 3920 hanc
1188 3861 1320 3941 partem

144 3960 402 4026 Hellenicorum
437 3961 529 4026 inter
563 3964 672 4026 5384
707 3969 741 4027 51
779 3968 990 4028 auturnmum
1014 3985 1042 4027 a.
1068 3963 1133 4027 383
1157 3963 1319 4048 scriptam

147 4089 222 4132 5555
246 4066 468 4133 contenderet
491 4067 604 4152 (11.4
628 4069 733 4154 seqq).
767 4069 864 4148 Quod
886 4073 925 4132 ut
948 4068 1115 4154 probaret,
1141 4092 1179 4134 eo
1202 4069 1318 4132 Η5115-

144 4175 300 4240 nieorum
323 4175 395 4240 loco
418 4198 499 4240 usus
525 4182 585 4260 est,
611 4199 676 4261 quo
692 4176 886 4264 Xenophon
911 4198 930 4239 5
953 4174 1142 4240 Phliuntiis
1165 4174 1317 4262 Iphicra-

146 4287 217 4347 tcm
239 4283 471 4348 metuentibus
494 4283 780 4350 Lacedaemonios
808 4307 836 4349 a.
854 4282 919 4346 393
947 4283 984 4347 in
1012 4283 1131 4348 urbem
1164 4288 1320 4368 receptos

148 4411 231 4475 esse,
248 4412 370 4474 eosque
387 4390 541 4476 quamvis
559 4392 714 4457 exulibus
731 4392 900 4474 faverent,
918 4396 1033 4455 tamen
1050 4392 1168 4456 urbem
1185 4390 1320 4476 qualem
