2932 4874
611 175 918 261 -166-’

144 377 265 463 Magni
292 382 438 442 aetatem
473 382 539 460 est,
574 399 651 440 6616
674 376 765 460 regis
787 377 968 440 Persarum
1002 374 1106 440 etiam
1140 373 1319 460 regnantis

145 485 275 551 mentio
304 484 365 550 fiat
388 482 471 567 (VH
487 483 528 563 7).
575 483 690 569 Atque
712 483 887 571 probabile
906 483 1053 568 videtur,
1087 489 1126 547 ut
1153 483 1318 547 Isocrates

144 594 338 679 Euagoram
374 615 472 657 suum
494 593 644 658 Nicoclis
668 591 733 656 filii
764 592 874 676 gratia
898 591 1042 678 scripsit,
1081 591 1130 655 116
1164 596 1318 655 nostrum

144 700 269 766 librum
292 699 335 765 ad
359 699 513 785 Agesilai
540 699 649 764 filium
672 697 917 764 Archidamum
940 699 1082 763 missum
1107 720 1193 782 6666,
1218 719 1318 783 quem

146 830 224 874 cum
238 807 409 873 Diodorus
425 807 513 873 XVI
528 808 582 892 88,
607 808 627 870 3
650 829 786 893 pugnae
803 806 1051 872 Chaeronensis
1075 805 1131 870 die
1147 811 1318 870 mortuum

146 939 220 981 esse
242 916 369 998 tradat,
394 914 575 1000 Agesilaus
610 914 701 979 inter
729 938 758 980 a.
783 915 847 978 357
873 920 907 979 et
930 937 958 980 a.
984 914 1051 979 338
1074 913 1220 1000 scriptus
1245 935 1319 977 6666

145 1022 292 1089 videtur.

252 1131 447 1216 Antequam
471 1129 513 1195 de
533 1128 695 1216 Agesilao
719 1128 918 1217 disputandi
941 1129 1045 1194 finem
1068 1127 1179 1194 166616
1202 1151 1319 1216 possu-

145 1261 231 1323 1666,
254 1261 362 1325 pauca
384 1238 426 1302 de
449 1238 492 1302 iis
509 1236 654 1302 dicenda
670 1243 759 1320 sunt,
785 1259 870 1322 quae
886 1237 928 1301 de
944 1236 1172 1324 Xenophonte
1187 1239 1318 1302 6116616

147 1344 302 1431 Agesilai
325 1345 489 1432 scriptore
512 1345 747 1410 Beckhausius
772 1344 838 1410 sibi
861 1345 962 1409 finxit
986 1342 1051 1427 (De
1067 1344 1319 1430 Xenophonteo

148 1453 207 1538 qui
222 1452 330 1518 fertur
341 1452 506 1539 Agesilao
522 1476 555 1539 p.
573 1453 615 1517 5ss
631 1452 726 1538 sqq).
753 1452 964 1537 Quamquam
980 1453 1072 1516 enim
1088 1475 1157 1517 non
1173 1453 1319 1517 multum

146 1561 300 1646 interest,
326 1584 345 1625 a
368 1560 605 1647 Xenophontis
630 1566 755 1647 nepote
779 1582 823 1624 an
847 1560 888 1625 ab
913 1560 978 1624 6116
1007 1560 1151 1645 quodam
1183 1558 1336 1625 libellus

146 1668 361 1755 compositus
386 1669 445 1752 sit,
486 1667 666 1733 dummodo
701 1692 721 1733 a
755 1667 986 1754 Xenophonte
1021 1667 1177 1753 Agesilai
1211 1667 1319 1732 amico

146 1775 277 1841 6116666
302 1775 357 1860 611,
389 1781 504 1840 161666
540 1798 616 1840 6616
645 1776 703 1840 ille
727 1776 810 1839 alios
836 1798 967 1860 quoque
991 1775 1094 1840 libros
1118 1775 1236 1861 nepoti
1258 1774 1320 1839 tri·
1359 1831 1361 1836 .

147 1883 238 1968 buat,
275 1883 426 1949 breviter
454 1882 535 1968 quid
559 1883 601 1948 de
625 1906 665 1948 ea
687 1906 724 1948 re
747 1905 943 1947 censeamus
967 1881 1232 1968 percurrendum
1256 1887 1318 1947 est.

146 1990 261 2076 Atque
285 1989 392 2055 161666
415 1990 678 2076 Xenophontem
713 1991 888 2074 minorem,
923 1989 1121 2054 Anabaseos
1146 1988 1320 2075 scriptoris

146 2098 384 2185 propinquum,
401 2097 566 2162 Dinarchi
583 2098 734 2163 oratione
751 2098 833 2162 satis
849 2098 1019 2184 probatur.
1054 2097 1162 2175 Quem
1179 2096 1317 2162 Grotius

144 2211 306 2292 nepotem
343 2204 584 2291 Xenophontis
624 2206 811 2290 Cyreorum
854 2204 949 2272 ducis
993 2204 1099 2269 fuisse
1138 2204 1318 2289 Gryllique

144 2294 287 2377 16116666
325 2312 435 2377 filium
469 2312 615 2377 coniecit
623 2306 656 2392 ¹).
719 2311 953 2377 Beokhausius
992 2334 1073 2378 vero
1113 2311 1259 2376 eundem
1298 2334 1317 2376 a

144 2420 269 2486 Photio
294 2426 591 2485 commemoratum
627 2442 700 2484 6666
735 2420 885 2507 putavit,
923 2420 982 2505 qui
1015 2419 1120 2484 tradit
1155 2419 1225 2483 cod.
1252 2420 1318 2484 260

145 2525 190 2614 (p.
204 2527 281 2612 486,
299 2528 341 2592 36
358 2523 427 2610 Β.);
442 2518 600 2609 Γεγόνασι
617 2522 645 2586 d’
661 2516 863 2609 Ἰσοκράτους
878 2516 1039 2611 ἀκροαταὶ
1056 2521 1111 2587 καὶ
1129 2522 1283 2611 Ξενοφῶν
1299 2515 1316 2586 ὃ

146 2626 292 2720 Γρύλλου
316 2628 373 2696 καὶ
400 2626 607 2713 Θεόπομπος
635 2624 652 2694 ὃ
678 2635 764 2708 Χῖος
797 2629 854 2695 καὶ
870 2623 1013 2719 ’Ἔφορος
1042 2624 1058 2695 ὃ
1083 2634 1242 2714 Κυμαῖος.
1269 2621 1318 2707 οἷς

144 2737 298 2816 καὶτοῖς
322 2734 505 2826 ἱστορικαῖς
528 2741 731 2827 συγγραφαῖς
759 2732 994 2826 προύτρέψατο
1018 2734 1208 2826 χρήσασθαι
1231 2733 1318 2824 πρὸς

145 2842 203 2935 τὴν
227 2841 365 2911 ἑκάστου
382 2841 481 2934 φύσιν
504 2838 671 2931 ἀναλόγως
694 2844 750 2910 καὶ
782 2841 842 2922 τοὶς
876 2839 1058 2924 ὑποθέσεις
1084 2849 1142 2934 τῆς
1171 2840 1318 2931 ἔσυορίας
1371 2898 1376 2907 ,

101 2998 105 3006 -
145 2946 258 3031 αὐτοῖς
282 2949 539 3039 ὃιανειμοὶμενος.
588 2957 655 3023 Sed
683 2957 746 3022 hoc
775 2980 816 3021 ex
842 2957 915 3022 loco
943 2957 1032 3023 nihil
1056 2957 1171 3043 colligi
1194 2963 1317 3044 potest,

146 3088 222 3130 cum
246 3088 265 3130 a
288 3065 411 3130 Photio
435 3065 520 3129 miro
556 3065 687 3130 66111661
722 3059 864 3144 6116162)
893 3064 1089 3130 Anabaseos
1118 3065 1318 3151 scriptorem

145 3173 302 3238 Isocratis
326 3172 532 3259 discipulum
555 3171 685 3237 dictum
709 3194 782 3236 esse
806 3178 975 3259 appareat.
1028 3174 1115 3238 Cum
1143 3173 1235 3237 enim
1259 3174 1317 3238 ille

146 3287 216 3344 tam
238 3302 362 3367 paucos
391 3303 434 3344 ex
459 3279 616 3367 plurimis
644 3279 803 3345 Isocratis
828 3280 1005 3367 discipulis
1030 3288 1317 3365 commemoraret,

145 3410 201 3452 666
236 3388 327 3453 haud
362 3387 464 3452 dubie
499 3387 630 3471 attulit,
666 3388 725 3473 qui
759 3394 878 3473 postea
905 3388 1156 3472 inclaruerunt,
1194 3388 1318 3453 deinde

144 3495 345 3561 historicum
369 3517 447 3559 eum
470 3494 564 3579 dicit,
588 3517 657 3572 666
680 3495 863 3579 rhetorem;
889 3496 965 3582 quis
981 3518 1062 3560 vero
1079 3496 1184 3560 alium
1200 3496 1317 3560 Xeno-

144 3603 306 3688 phontem
331 3602 444 3687 Grylli
467 3602 585 3687 filium,
609 3625 722 3667 rerum
739 3609 911 3688 gestarum
928 3604 1127 3690 scriptorem
1150 3603 1318 3668 illustrem
1357 3678 1368 3697 Ι

145 3711 345 3797 intellegere
368 3716 482 3796 potest
506 3716 606 3796 atque
630 3711 826 3776 Anabaseos
861 3718 1041 3795 auctorem,
1079 3733 1155 3774 cum
1190 3709 1316 3775 illene

145 3818 286 3883 uerbum
310 3817 448 3904 quidem
471 3816 658 3902 addiderit,
695 3841 760 3904 quo
784 3820 889 3883 alium
912 3842 932 3883 a
955 3840 991 3882 se
1015 3817 1084 3882 dici
1108 3817 1317 3883 demonstra-

252 4014 279 4081 1)
305 4011 404 4081 Grote,
422 4011 460 4068 H.
481 4010 515 4065 61
531 4011 580 4066 Gr.
600 4012 645 4067 IX
663 4012 725 4081 246,
744 4013 775 4065 2:
804 4014 962 4067 Iventure
986 4016 1017 4065 to
1037 4016 1081 4066 set
1100 4011 1161 4066 him
1180 4010 1266 4065 down
1286 4029 1318 4066 as

144 4101 297 4172 grandson.
319 4133 350 4140 —
370 4101 417 4155 He
435 4100 531 4172 might
549 4102 616 4155 well
634 4101 669 4156 be
688 4102 810 4156 theson
829 4101 862 4156 61
880 4102 1004 4173 Gryllos

252 4210 281 4277 2)
300 4208 347 4263 Ad
365 4227 399 4263 ea
418 4225 492 4279 quae
511 4208 565 4262 hac
584 4207 619 4262 de
638 4226 669 4263 re
687 4228 714 4280 p.
730 4209 763 4262 15
782 4207 904 4262 disserui
923 4208 1085 4263 addendum
1104 4214 1156 4277 est,
1171 4208 1276 4263 ‘Vitam
1288 4210 1318 4264 X

145 4303 292 4352 oratorum
311 4299 352 4354 IV
372 4300 388 4354 9
411 4297 614 4369 Xenophontis
636 4297 713 4355 inter
731 4298 867 4357 Isocratis
890 4297 1045 4370 discipulos
1062 4298 1240 4360 mentionem
1258 4317 1318 4358 nou

144 4388 246 4445 facere.
