<?xml version="1.0" encoding="UTF-8"?>
<!DOCTYPE html PUBLIC "-//W3C//DTD XHTML 1.0 Transitional//EN"
    "http://www.w3.org/TR/xhtml1/DTD/xhtml1-transitional.dtd">
<html xmlns="http://www.w3.org/1999/xhtml" xml:lang="en" lang="en">
 <head>
  <title>
</title>
<meta http-equiv="Content-Type" content="text/html;charset=utf-8" />
  <meta name='ocr-system' content='tesseract 3.04.00' />
  <meta name='ocr-capabilities' content='ocr_page ocr_carea ocr_par ocr_line ocrx_word'/>
</head>
<body>
  <div class='ocr_page' id='page_1' title='image "./dexenophontisvi00roqugoog_0043.png"; bbox 0 0 2932 4874; ppageno 0'>
   <div class='ocr_carea' id='block_1_1' title="bbox 618 199 837 266">
    <p class='ocr_par' dir='ltr' id='par_1_1' title="bbox 618 199 837 266">
     <span class='ocr_line' id='line_1_1' title="bbox 618 199 837 266; baseline 0.005 -20"><span class='ocrx_word' id='word_1_1' title='bbox 618 199 837 266; x_wconf 59' lang='lat'><strong>„3⁶2-</strong></span> 
     </span>
    </p>
   </div>
   <div class='ocr_carea' id='block_1_2' title="bbox 72 374 1329 4114">
    <p class='ocr_par' dir='ltr' id='par_1_2' title="bbox 72 374 1328 3578">
     <span class='ocr_line' id='line_1_2' title="bbox 72 374 1317 466; baseline 0.002 -21"><span class='ocrx_word' id='word_1_2' title='bbox 72 374 74 379; x_wconf 66' lang='grc'><strong>’</strong></span> <span class='ocrx_word' id='word_1_3' title='bbox 140 377 389 445; x_wconf 85' lang='lat' dir='ltr'><strong>habilissimum</strong></span> <span class='ocrx_word' id='word_1_4' title='bbox 417 384 483 463; x_wconf 88' lang='lat' dir='ltr'><strong>est,</strong></span> <span class='ocrx_word' id='word_1_5' title='bbox 519 379 608 463; x_wconf 89' lang='lat' dir='ltr'><strong>quod</strong></span> <span class='ocrx_word' id='word_1_6' title='bbox 639 386 709 444; x_wconf 90' lang='lat' dir='ltr'><strong>tam</strong></span> <span class='ocrx_word' id='word_1_7' title='bbox 737 380 788 445; x_wconf 90' lang='lat' dir='ltr'><strong>Ol.</strong></span> <span class='ocrx_word' id='word_1_8' title='bbox 816 382 879 445; x_wconf 97' lang='grc'><strong>105</strong></span> <span class='ocrx_word' id='word_1_9' title='bbox 908 403 1008 466; x_wconf 85' lang='lat' dir='ltr'><strong>quam</strong></span> <span class='ocrx_word' id='word_1_10' title='bbox 1033 380 1084 448; x_wconf 92' lang='grc'><strong>01.</strong></span> <span class='ocrx_word' id='word_1_11' title='bbox 1111 382 1174 447; x_wconf 88' lang='grc'><strong>106</strong></span> <span class='ocrx_word' id='word_1_12' title='bbox 1203 383 1317 448; x_wconf 88' lang='lat' dir='ltr'><strong>Porus</strong></span> 
     </span>
     <span class='ocr_line' id='line_1_3' title="bbox 141 484 1317 574; baseline 0.003 -23"><span class='ocrx_word' id='word_1_13' title='bbox 141 486 278 571; x_wconf 88' lang='lat' dir='ltr'><strong>quidam</strong></span> <span class='ocrx_word' id='word_1_14' title='bbox 311 486 470 572; x_wconf 91' lang='lat' dir='ltr'><strong>Olympia</strong></span> <span class='ocrx_word' id='word_1_15' title='bbox 503 486 589 551; x_wconf 87' lang='lat' dir='ltr'><strong>vicit</strong></span> <span class='ocrx_word' id='word_1_16' title='bbox 623 484 760 570; x_wconf 84' lang='lat' dir='ltr'><strong>(Euseb.</strong></span> <span class='ocrx_word' id='word_1_17' title='bbox 790 488 808 552; x_wconf 95' lang='lat' dir='ltr'>I</span> <span class='ocrx_word' id='word_1_18' title='bbox 836 489 901 552; x_wconf 90' lang='grc'><strong>205</strong></span> <span class='ocrx_word' id='word_1_19' title='bbox 926 512 993 574; x_wconf 87' lang='lat' dir='ltr'><strong>seq.</strong></span> <span class='ocrx_word' id='word_1_20' title='bbox 1020 489 1200 572; x_wconf 83' lang='lat' dir='ltr'><strong>Schoene),</strong></span> <span class='ocrx_word' id='word_1_21' title='bbox 1241 491 1317 555; x_wconf 91' lang='lat' dir='ltr'><strong>sive</strong></span> 
     </span>
     <span class='ocr_line' id='line_1_4' title="bbox 142 592 1318 681; baseline 0.003 -23"><span class='ocrx_word' id='word_1_22' title='bbox 142 594 287 659; x_wconf 88' lang='lat' dir='ltr'><strong>eundem</strong></span> <span class='ocrx_word' id='word_1_23' title='bbox 310 592 416 658; x_wconf 84' lang='lat' dir='ltr'><strong>fuisse</strong></span> <span class='ocrx_word' id='word_1_24' title='bbox 443 600 535 657; x_wconf 90' lang='lat' dir='ltr'><strong>recte</strong></span> <span class='ocrx_word' id='word_1_25' title='bbox 558 594 727 660; x_wconf 83' lang='lat' dir='ltr'><strong>Eusebius</strong></span> <span class='ocrx_word' id='word_1_26' title='bbox 751 596 773 659; x_wconf 95' lang='lat' dir='ltr'><strong>l.</strong></span> <span class='ocrx_word' id='word_1_27' title='bbox 798 596 818 660; x_wconf 92' lang='lat' dir='ltr'><strong>l.</strong></span> <span class='ocrx_word' id='word_1_28' title='bbox 844 596 1037 681; x_wconf 67' lang='lat' dir='ltr'><strong>tradiderit,</strong></span> <span class='ocrx_word' id='word_1_29' title='bbox 1066 597 1139 662; x_wconf 90' lang='lat' dir='ltr'><strong>sive</strong></span> <span class='ocrx_word' id='word_1_30' title='bbox 1167 598 1318 663; x_wconf 89' lang='lat' dir='ltr'><strong>alterum</strong></span> 
     </span>
     <span class='ocr_line' id='line_1_5' title="bbox 142 695 1319 787; baseline 0.003 -21"><span class='ocrx_word' id='word_1_31' title='bbox 142 702 368 787; x_wconf 83' lang='lat' dir='ltr'><strong>Cyrenaeum,</strong></span> <span class='ocrx_word' id='word_1_32' title='bbox 400 701 542 765; x_wconf 88' lang='lat' dir='ltr'><strong>alterum</strong></span> <span class='ocrx_word' id='word_1_33' title='bbox 571 695 704 760; x_wconf 78' lang='grc' dir='ltr'><strong>,1161ιὲ6</strong></span> <span class='ocrx_word' id='word_1_34' title='bbox 729 699 834 766; x_wconf 76' lang='lat' dir='ltr'><strong>fuisse</strong></span> <span class='ocrx_word' id='word_1_35' title='bbox 859 702 1028 769; x_wconf 87' lang='lat' dir='ltr'><strong>Diodorus</strong></span> <span class='ocrx_word' id='word_1_36' title='bbox 1055 704 1143 769; x_wconf 88' lang='lat' dir='ltr'><strong>XVI</strong></span> <span class='ocrx_word' id='word_1_37' title='bbox 1167 704 1188 768; x_wconf 90' lang='grc'><strong>2</strong></span> <span class='ocrx_word' id='word_1_38' title='bbox 1214 711 1250 770; x_wconf 91' lang='grc'><strong>61</strong></span> <span class='ocrx_word' id='word_1_39' title='bbox 1276 705 1319 769; x_wconf 90' lang='grc'><strong>15</strong></span> 
     </span>
     <span class='ocr_line' id='line_1_6' title="bbox 142 802 1319 896; baseline 0.003 -23"><span class='ocrx_word' id='word_1_40' title='bbox 142 809 214 873; x_wconf 88' lang='grc'><strong>1616</strong></span> <span class='ocrx_word' id='word_1_41' title='bbox 239 830 297 872; x_wconf 90' lang='lat' dir='ltr'><strong>suo</strong></span> <span class='ocrx_word' id='word_1_42' title='bbox 322 807 546 872; x_wconf 88' lang='lat' dir='ltr'><strong>contenderit.</strong></span> <span class='ocrx_word' id='word_1_43' title='bbox 556 802 581 890; x_wconf 85' lang='lat'><strong>¹)</strong></span> <span class='ocrx_word' id='word_1_44' title='bbox 627 809 746 893; x_wconf 87' lang='lat' dir='ltr'><strong>Itaque</strong></span> <span class='ocrx_word' id='word_1_45' title='bbox 770 809 809 894; x_wconf 87' lang='lat' dir='ltr'><strong>si,</strong></span> <span class='ocrx_word' id='word_1_46' title='bbox 834 833 918 895; x_wconf 86' lang='lat' dir='ltr'><strong>quae</strong></span> <span class='ocrx_word' id='word_1_47' title='bbox 944 808 995 875; x_wconf 91' lang='grc'><strong>01.</strong></span> <span class='ocrx_word' id='word_1_48' title='bbox 1019 811 1082 875; x_wconf 89' lang='grc'><strong>106</strong></span> <span class='ocrx_word' id='word_1_49' title='bbox 1106 811 1319 896; x_wconf 85' lang='lat' dir='ltr'><strong>acciderunt,</strong></span> 
     </span>
     <span class='ocr_line' id='line_1_7' title="bbox 143 914 1321 1002; baseline 0.002 -22"><span class='ocrx_word' id='word_1_50' title='bbox 143 939 182 981; x_wconf 89' lang='grc'><strong>66</strong></span> <span class='ocrx_word' id='word_1_51' title='bbox 205 915 242 980; x_wconf 90' lang='grc'><strong>16</strong></span> <span class='ocrx_word' id='word_1_52' title='bbox 266 914 317 980; x_wconf 90' lang='grc'><strong>01.</strong></span> <span class='ocrx_word' id='word_1_53' title='bbox 345 915 408 979; x_wconf 87' lang='grc'><strong>105</strong></span> <span class='ocrx_word' id='word_1_54' title='bbox 432 914 597 979; x_wconf 85' lang='lat' dir='ltr'><strong>translata</strong></span> <span class='ocrx_word' id='word_1_55' title='bbox 614 938 687 980; x_wconf 86' lang='lat' dir='ltr'><strong>esse</strong></span> <span class='ocrx_word' id='word_1_56' title='bbox 703 923 861 1001; x_wconf 88' lang='lat' dir='ltr'><strong>putamus</strong></span> <span class='ocrx_word' id='word_1_57' title='bbox 885 953 926 962; x_wconf 93' lang='lat'>-</span> <span class='ocrx_word' id='word_1_58' title='bbox 951 917 996 1000; x_wconf 92' lang='lat' dir='ltr'><strong>id,</strong></span> <span class='ocrx_word' id='word_1_59' title='bbox 1014 917 1104 1002; x_wconf 90' lang='lat' dir='ltr'><strong>quod</strong></span> <span class='ocrx_word' id='word_1_60' title='bbox 1120 918 1156 983; x_wconf 91' lang='lat' dir='ltr'><strong>in</strong></span> <span class='ocrx_word' id='word_1_61' title='bbox 1172 917 1321 983; x_wconf 87' lang='lat' dir='ltr'><strong>Eusebii</strong></span> 
     </span>
     <span class='ocr_line' id='line_1_8' title="bbox 142 1021 1321 1111; baseline 0.003 -24"><span class='ocrx_word' id='word_1_62' title='bbox 142 1044 273 1108; x_wconf 88' lang='lat' dir='ltr'><strong>quoque</strong></span> <span class='ocrx_word' id='word_1_63' title='bbox 298 1021 385 1085; x_wconf 91' lang='lat' dir='ltr'><strong>libro</strong></span> <span class='ocrx_word' id='word_1_64' title='bbox 410 1043 480 1086; x_wconf 91' lang='lat' dir='ltr'><strong>non</strong></span> <span class='ocrx_word' id='word_1_65' title='bbox 502 1043 577 1086; x_wconf 90' lang='lat' dir='ltr'><strong>raro</strong></span> <span class='ocrx_word' id='word_1_66' title='bbox 602 1021 740 1108; x_wconf 89' lang='lat' dir='ltr'><strong>accidit,</strong></span> <span class='ocrx_word' id='word_1_67' title='bbox 765 1023 824 1107; x_wconf 88' lang='lat' dir='ltr'><strong>qui</strong></span> <span class='ocrx_word' id='word_1_68' title='bbox 848 1047 875 1089; x_wconf 90' lang='lat' dir='ltr'><strong>e.</strong></span> <span class='ocrx_word' id='word_1_69' title='bbox 899 1046 932 1109; x_wconf 85' lang='lat' dir='ltr'><strong>g.</strong></span> <span class='ocrx_word' id='word_1_70' title='bbox 956 1025 1222 1111; x_wconf 71' lang='lat' dir='ltr'>Xenophontem</span> <span class='ocrx_word' id='word_1_71' title='bbox 1247 1047 1321 1090; x_wconf 90' lang='lat' dir='ltr'><strong>non</strong></span> 
     </span>
     <span class='ocr_line' id='line_1_9' title="bbox 143 1129 1321 1212; baseline 0.002 -16"><span class='ocrx_word' id='word_1_72' title='bbox 143 1131 194 1197; x_wconf 89' lang='lat' dir='ltr'><strong>Ol.</strong></span> <span class='ocrx_word' id='word_1_73' title='bbox 219 1129 393 1212; x_wconf 76' lang='lat' dir='ltr'><strong>94,4=a.</strong></span> <span class='ocrx_word' id='word_1_74' title='bbox 411 1130 476 1193; x_wconf 84' lang='lat'><strong>401</strong></span> <span class='ocrx_word' id='word_1_75' title='bbox 495 1151 523 1194; x_wconf 93' lang='lat' dir='ltr'><strong>a.</strong></span> <span class='ocrx_word' id='word_1_76' title='bbox 542 1129 761 1196; x_wconf 84' lang='lat' dir='ltr'><strong>O.n.=sed</strong></span> <span class='ocrx_word' id='word_1_77' title='bbox 786 1132 1005 1211; x_wconf 69' lang='grc' dir='ltr'><strong>01.95,4Ξ</strong></span> <span class='ocrx_word' id='word_1_78' title='bbox 1027 1155 1055 1196; x_wconf 87' lang='lat' dir='ltr'><strong>a.</strong></span> <span class='ocrx_word' id='word_1_79' title='bbox 1073 1133 1137 1197; x_wconf 84' lang='grc'><strong>397</strong></span> <span class='ocrx_word' id='word_1_80' title='bbox 1161 1132 1321 1198; x_wconf 88' lang='lat' dir='ltr'><strong>floruisse</strong></span> 
     </span>
     <span class='ocr_line' id='line_1_10' title="bbox 144 1235 1320 1325; baseline 0.003 -24"><span class='ocrx_word' id='word_1_81' title='bbox 144 1236 228 1301; x_wconf 86' lang='lat' dir='ltr'><strong>dicit</strong></span> <span class='ocrx_word' id='word_1_82' title='bbox 251 1235 388 1316; x_wconf 81' lang='lat' dir='ltr'><strong>(Euseb.</strong></span> <span class='ocrx_word' id='word_1_83' title='bbox 417 1236 509 1322; x_wconf 86' lang='lat' dir='ltr'><strong>Hp.</strong></span> <span class='ocrx_word' id='word_1_84' title='bbox 537 1237 599 1300; x_wconf 92' lang='grc'><strong>110</strong></span> <span class='ocrx_word' id='word_1_85' title='bbox 628 1236 678 1301; x_wconf 90' lang='lat' dir='ltr'><strong>ed.</strong></span> <span class='ocrx_word' id='word_1_86' title='bbox 704 1237 869 1317; x_wconf 79' lang='lat' dir='ltr'><strong>Schoene)</strong></span> <span class='ocrx_word' id='word_1_87' title='bbox 901 1275 942 1282; x_wconf 99' lang='lat'><strong>—</strong></span> <span class='ocrx_word' id='word_1_88' title='bbox 973 1239 1240 1325; x_wconf 72' lang='lat' dir='ltr'><strong>Xenophontem</strong></span> <span class='ocrx_word' id='word_1_89' title='bbox 1266 1239 1320 1305; x_wconf 93' lang='lat' dir='ltr'><strong>Ol.</strong></span> 
     </span>
     <span class='ocr_line' id='line_1_11' title="bbox 145 1342 1320 1411; baseline 0.002 -3"><span class='ocrx_word' id='word_1_90' title='bbox 145 1344 208 1408; x_wconf 87' lang='lat'><strong>106</strong></span> <span class='ocrx_word' id='word_1_91' title='bbox 232 1344 253 1408; x_wconf 92' lang='lat' dir='ltr'><strong>i.</strong></span> <span class='ocrx_word' id='word_1_92' title='bbox 279 1366 307 1408; x_wconf 90' lang='lat' dir='ltr'><strong>e.</strong></span> <span class='ocrx_word' id='word_1_93' title='bbox 332 1342 423 1407; x_wconf 90' lang='lat' dir='ltr'><strong>inter</strong></span> <span class='ocrx_word' id='word_1_94' title='bbox 451 1365 480 1407; x_wconf 98' lang='grc'><strong>6.</strong></span> <span class='ocrx_word' id='word_1_95' title='bbox 505 1344 570 1407; x_wconf 86' lang='grc'><strong>350</strong></span> <span class='ocrx_word' id='word_1_96' title='bbox 599 1344 722 1408; x_wconf 88' lang='grc'><strong>61352</strong></span> <span class='ocrx_word' id='word_1_97' title='bbox 750 1368 779 1410; x_wconf 90' lang='grc'><strong>6.</strong></span> <span class='ocrx_word' id='word_1_98' title='bbox 807 1346 844 1410; x_wconf 83' lang='lat' dir='ltr'><strong>O.</strong></span> <span class='ocrx_word' id='word_1_99' title='bbox 873 1368 906 1410; x_wconf 93' lang='lat' dir='ltr'><strong>n.</strong></span> <span class='ocrx_word' id='word_1_100' title='bbox 931 1352 1072 1410; x_wconf 91' lang='lat' dir='ltr'><strong>naturae</strong></span> <span class='ocrx_word' id='word_1_101' title='bbox 1108 1345 1320 1411; x_wconf 79' lang='lat' dir='ltr'><strong>satisfecisse</strong></span> 
     </span>
     <span class='ocr_line' id='line_1_12' title="bbox 144 1451 1321 1538; baseline 0 -21"><span class='ocrx_word' id='word_1_102' title='bbox 144 1451 331 1517; x_wconf 87' lang='lat' dir='ltr'><strong>verisimile</strong></span> <span class='ocrx_word' id='word_1_103' title='bbox 367 1458 428 1516; x_wconf 90' lang='lat' dir='ltr'><strong>est.</strong></span> <span class='ocrx_word' id='word_1_104' title='bbox 476 1451 562 1515; x_wconf 85' lang='lat' dir='ltr'><strong>Cum</strong></span> <span class='ocrx_word' id='word_1_105' title='bbox 590 1473 671 1516; x_wconf 83' lang='lat' dir='ltr'><strong>vero</strong></span> <span class='ocrx_word' id='word_1_106' title='bbox 696 1473 724 1516; x_wconf 89' lang='lat' dir='ltr'><strong>a.</strong></span> <span class='ocrx_word' id='word_1_107' title='bbox 750 1453 815 1516; x_wconf 87' lang='grc'><strong>355</strong></span> <span class='ocrx_word' id='word_1_108' title='bbox 838 1453 991 1518; x_wconf 88' lang='lat' dir='ltr'><strong>libellum</strong></span> <span class='ocrx_word' id='word_1_109' title='bbox 1016 1453 1057 1518; x_wconf 89' lang='lat' dir='ltr'><strong>de</strong></span> <span class='ocrx_word' id='word_1_110' title='bbox 1080 1452 1321 1538; x_wconf 85' lang='lat' dir='ltr'><strong>Vectigalibus</strong></span> 
     </span>
     <span class='ocr_line' id='line_1_13' title="bbox 143 1558 1321 1645; baseline 0.001 -21"><span class='ocrx_word' id='word_1_111' title='bbox 143 1558 382 1645; x_wconf 78' lang='lat' dir='ltr'><strong>composuerit,</strong></span> <span class='ocrx_word' id='word_1_112' title='bbox 429 1581 458 1622; x_wconf 89' lang='grc'><strong>6.</strong></span> <span class='ocrx_word' id='word_1_113' title='bbox 492 1558 557 1622; x_wconf 90' lang='grc'><strong>354</strong></span> <span class='ocrx_word' id='word_1_114' title='bbox 602 1566 754 1624; x_wconf 86' lang='lat' dir='ltr'><strong>mortuus</strong></span> <span class='ocrx_word' id='word_1_115' title='bbox 790 1582 863 1624; x_wconf 85' lang='lat' dir='ltr'><strong>esse</strong></span> <span class='ocrx_word' id='word_1_116' title='bbox 895 1559 1041 1625; x_wconf 86' lang='lat' dir='ltr'><strong>videtur.</strong></span> <span class='ocrx_word' id='word_1_117' title='bbox 1106 1561 1182 1625; x_wconf 90' lang='lat' dir='ltr'><strong>Hoc</strong></span> <span class='ocrx_word' id='word_1_118' title='bbox 1224 1561 1321 1626; x_wconf 91' lang='lat' dir='ltr'><strong>enim</strong></span> 
     </span>
     <span class='ocr_line' id='line_1_14' title="bbox 144 1665 1321 1753; baseline 0 -21"><span class='ocrx_word' id='word_1_119' title='bbox 144 1689 234 1732; x_wconf 88' lang='lat' dir='ltr'><strong>anno</strong></span> <span class='ocrx_word' id='word_1_120' title='bbox 257 1673 296 1730; x_wconf 92' lang='grc'><strong>61</strong></span> <span class='ocrx_word' id='word_1_121' title='bbox 320 1688 396 1730; x_wconf 90' lang='grc'><strong>6616</strong></span> <span class='ocrx_word' id='word_1_122' title='bbox 421 1688 462 1729; x_wconf 83' lang='lat' dir='ltr'><strong>ex</strong></span> <span class='ocrx_word' id='word_1_123' title='bbox 485 1665 557 1729; x_wconf 91' lang='lat' dir='ltr'><strong>vita</strong></span> <span class='ocrx_word' id='word_1_124' title='bbox 581 1665 766 1730; x_wconf 81' lang='lat' dir='ltr'><strong>decessisse</strong></span> <span class='ocrx_word' id='word_1_125' title='bbox 790 1667 1032 1751; x_wconf 79' lang='lat' dir='ltr'><strong>existimemus,</strong></span> <span class='ocrx_word' id='word_1_126' title='bbox 1058 1666 1163 1732; x_wconf 87' lang='lat' dir='ltr'><strong>altera</strong></span> <span class='ocrx_word' id='word_1_127' title='bbox 1185 1689 1321 1753; x_wconf 88' lang='lat' dir='ltr'><strong>quoque</strong></span> 
     </span>
     <span class='ocr_line' id='line_1_15' title="bbox 143 1774 1322 1860; baseline 0 -21"><span class='ocrx_word' id='word_1_128' title='bbox 143 1774 274 1839; x_wconf 87' lang='lat' dir='ltr'><strong>ratione</strong></span> <span class='ocrx_word' id='word_1_129' title='bbox 321 1792 585 1837; x_wconf 87' lang='lat' dir='ltr'><strong>commovemur:</strong></span> <span class='ocrx_word' id='word_1_130' title='bbox 635 1796 715 1837; x_wconf 90' lang='lat' dir='ltr'><strong>nam</strong></span> <span class='ocrx_word' id='word_1_131' title='bbox 750 1774 1016 1860; x_wconf 84' lang='lat' dir='ltr'><strong>Xenophontem</strong></span> <span class='ocrx_word' id='word_1_132' title='bbox 1061 1775 1151 1839; x_wconf 91' lang='lat' dir='ltr'><strong>ultra</strong></span> <span class='ocrx_word' id='word_1_133' title='bbox 1191 1796 1322 1839; x_wconf 88' lang='lat' dir='ltr'><strong>annum</strong></span> 
     </span>
     <span class='ocr_line' id='line_1_16' title="bbox 143 1879 1319 1967; baseline 0 -21"><span class='ocrx_word' id='word_1_134' title='bbox 143 1880 402 1967; x_wconf 86' lang='lat' dir='ltr'><strong>nonagesimum</strong></span> <span class='ocrx_word' id='word_1_135' title='bbox 429 1879 537 1945; x_wconf 87' lang='lat' dir='ltr'><strong>vitam</strong></span> <span class='ocrx_word' id='word_1_136' title='bbox 567 1880 767 1965; x_wconf 81' lang='lat' dir='ltr'><strong>produxisse</strong></span> <span class='ocrx_word' id='word_1_137' title='bbox 795 1904 815 1945; x_wconf 89' lang='grc'><strong>6</strong></span> <span class='ocrx_word' id='word_1_138' title='bbox 838 1881 1071 1946; x_wconf 91' lang='lat' dir='ltr'><strong>Ps.-Lucian0</strong></span> <span class='ocrx_word' id='word_1_139' title='bbox 1101 1880 1249 1947; x_wconf 90' lang='lat' dir='ltr'><strong>Macrob.</strong></span> <span class='ocrx_word' id='word_1_140' title='bbox 1277 1883 1319 1946; x_wconf 91' lang='grc'><strong>21</strong></span> 
     </span>
     <span class='ocr_line' id='line_1_17' title="bbox 143 1987 1321 2075; baseline 0 -22"><span class='ocrx_word' id='word_1_141' title='bbox 143 1988 234 2054; x_wconf 83' lang='lat' dir='ltr'><strong>tradi</strong></span> <span class='ocrx_word' id='word_1_142' title='bbox 271 2010 371 2073; x_wconf 90' lang='lat' dir='ltr'><strong>supra</strong></span> <span class='ocrx_word' id='word_1_143' title='bbox 406 1994 702 2052; x_wconf 90' lang='lat' dir='ltr'><strong>commemoratum</strong></span> <span class='ocrx_word' id='word_1_144' title='bbox 739 1994 791 2052; x_wconf 90' lang='grc'><strong>661</strong></span> <span class='ocrx_word' id='word_1_145' title='bbox 831 2011 864 2075; x_wconf 93' lang='lat' dir='ltr'><strong>p.</strong></span> <span class='ocrx_word' id='word_1_146' title='bbox 894 1988 923 2053; x_wconf 81' lang='lat'><strong>7.</strong></span> <span class='ocrx_word' id='word_1_147' title='bbox 984 1988 1081 2065; x_wconf 82' lang='lat' dir='ltr'><strong>Quod</strong></span> <span class='ocrx_word' id='word_1_148' title='bbox 1116 1987 1321 2053; x_wconf 87' lang='lat' dir='ltr'><strong>incredibile</strong></span> 
     </span>
     <span class='ocr_line' id='line_1_18' title="bbox 88 2093 1320 2180; baseline 0 -21"><span class='ocrx_word' id='word_1_149' title='bbox 88 2114 91 2121; x_wconf 85' lang='grc'><strong>’</strong></span> <span class='ocrx_word' id='word_1_150' title='bbox 146 2102 222 2180; x_wconf 85' lang='grc'><strong>661,·</strong></span> <span class='ocrx_word' id='word_1_151' title='bbox 242 2096 272 2159; x_wconf 87' lang='grc'><strong>61</strong></span> <span class='ocrx_word' id='word_1_152' title='bbox 300 2093 548 2159; x_wconf 90' lang='lat' dir='ltr'><strong>Macrobiorum</strong></span> <span class='ocrx_word' id='word_1_153' title='bbox 578 2094 722 2180; x_wconf 90' lang='lat' dir='ltr'><strong>scriptor</strong></span> <span class='ocrx_word' id='word_1_154' title='bbox 746 2117 822 2160; x_wconf 90' lang='lat' dir='ltr'><strong>eum</strong></span> <span class='ocrx_word' id='word_1_155' title='bbox 847 2095 935 2160; x_wconf 90' lang='lat' dir='ltr'><strong>circa</strong></span> <span class='ocrx_word' id='word_1_156' title='bbox 958 2118 986 2160; x_wconf 88' lang='grc'><strong>6.</strong></span> <span class='ocrx_word' id='word_1_157' title='bbox 1010 2096 1078 2159; x_wconf 95' lang='grc'><strong>430</strong></span> <span class='ocrx_word' id='word_1_158' title='bbox 1101 2102 1220 2159; x_wconf 88' lang='grc'><strong>661661</strong></span> <span class='ocrx_word' id='word_1_159' title='bbox 1244 2117 1320 2160; x_wconf 89' lang='grc'><strong>6666</strong></span> 
     </span>
     <span class='ocr_line' id='line_1_19' title="bbox 146 2201 1322 2288; baseline -0.001 -20"><span class='ocrx_word' id='word_1_160' title='bbox 146 2202 370 2284; x_wconf 77' lang='lat' dir='ltr'><strong>existimavit3</strong></span> <span class='ocrx_word' id='word_1_161' title='bbox 398 2201 532 2265; x_wconf 90' lang='lat' dir='ltr'><strong>nullum</strong></span> <span class='ocrx_word' id='word_1_162' title='bbox 560 2201 705 2266; x_wconf 91' lang='lat' dir='ltr'><strong>enimin</strong></span> <span class='ocrx_word' id='word_1_163' title='bbox 721 2202 963 2288; x_wconf 85' lang='lat' dir='ltr'><strong>Xenophontis</strong></span> <span class='ocrx_word' id='word_1_164' title='bbox 980 2203 1117 2288; x_wconf 90' lang='lat' dir='ltr'><strong>scriptis</strong></span> <span class='ocrx_word' id='word_1_165' title='bbox 1133 2202 1322 2287; x_wconf 82' lang='lat' dir='ltr'><strong>vestigium</strong></span> 
     </span>
     <span class='ocr_line' id='line_1_20' title="bbox 146 2308 1322 2395; baseline -0.002 -20"><span class='ocrx_word' id='word_1_166' title='bbox 146 2317 212 2394; x_wconf 89' lang='lat' dir='ltr'><strong>est,</strong></span> <span class='ocrx_word' id='word_1_167' title='bbox 248 2331 313 2395; x_wconf 90' lang='lat' dir='ltr'><strong>quo</strong></span> <span class='ocrx_word' id='word_1_168' title='bbox 343 2332 420 2373; x_wconf 91' lang='lat' dir='ltr'><strong>eum</strong></span> <span class='ocrx_word' id='word_1_169' title='bbox 447 2331 554 2394; x_wconf 89' lang='lat' dir='ltr'><strong>usque</strong></span> <span class='ocrx_word' id='word_1_170' title='bbox 585 2309 628 2373; x_wconf 89' lang='lat' dir='ltr'><strong>ad</strong></span> <span class='ocrx_word' id='word_1_171' title='bbox 656 2332 685 2374; x_wconf 84' lang='lat' dir='ltr'><strong>a.</strong></span> <span class='ocrx_word' id='word_1_172' title='bbox 715 2308 780 2373; x_wconf 83' lang='lat'><strong>340</strong></span> <span class='ocrx_word' id='word_1_173' title='bbox 811 2309 940 2375; x_wconf 82' lang='lat' dir='ltr'><strong>vixisse</strong></span> <span class='ocrx_word' id='word_1_174' title='bbox 969 2308 1229 2374; x_wconf 87' lang='lat' dir='ltr'><strong>demonstretur.</strong></span> <span class='ocrx_word' id='word_1_175' title='bbox 1284 2309 1322 2375; x_wconf 83' lang='lat' dir='ltr'><strong>Si</strong></span> 
     </span>
     <span class='ocr_line' id='line_1_21' title="bbox 145 2415 1321 2503; baseline -0.003 -20"><span class='ocrx_word' id='word_1_176' title='bbox 145 2440 226 2484; x_wconf 86' lang='lat' dir='ltr'><strong>vero</strong></span> <span class='ocrx_word' id='word_1_177' title='bbox 251 2417 308 2481; x_wconf 92' lang='lat' dir='ltr'><strong>illa</strong></span> <span class='ocrx_word' id='word_1_178' title='bbox 333 2415 510 2481; x_wconf 79' lang='lat' dir='ltr'><strong>Strabonis</strong></span> <span class='ocrx_word' id='word_1_179' title='bbox 527 2416 734 2480; x_wconf 88' lang='lat' dir='ltr'><strong>sententiam</strong></span> <span class='ocrx_word' id='word_1_180' title='bbox 751 2423 885 2481; x_wconf 86' lang='lat' dir='ltr'><strong>secutus</strong></span> <span class='ocrx_word' id='word_1_181' title='bbox 902 2417 1169 2503; x_wconf 89' lang='lat' dir='ltr'><strong>Xenophontem</strong></span> <span class='ocrx_word' id='word_1_182' title='bbox 1185 2438 1321 2502; x_wconf 84' lang='lat' dir='ltr'><strong>pugnae</strong></span> 
     </span>
     <span class='ocr_line' id='line_1_22' title="bbox 147 2522 1322 2590; baseline -0.003 0"><span class='ocrx_word' id='word_1_183' title='bbox 147 2523 302 2590; x_wconf 91' lang='lat' dir='ltr'><strong>Deliensi</strong></span> <span class='ocrx_word' id='word_1_184' title='bbox 329 2522 526 2588; x_wconf 87' lang='lat' dir='ltr'><strong>interfuisse</strong></span> <span class='ocrx_word' id='word_1_185' title='bbox 555 2523 737 2589; x_wconf 90' lang='lat' dir='ltr'><strong>arbitratus</strong></span> <span class='ocrx_word' id='word_1_186' title='bbox 766 2532 817 2589; x_wconf 90' lang='lat' dir='ltr'><strong>est</strong></span> <span class='ocrx_word' id='word_1_187' title='bbox 846 2531 880 2588; x_wconf 91' lang='grc'><strong>61</strong></span> <span class='ocrx_word' id='word_1_188' title='bbox 903 2547 930 2589; x_wconf 89' lang='lat' dir='ltr'><strong>a.</strong></span> <span class='ocrx_word' id='word_1_189' title='bbox 957 2525 1024 2588; x_wconf 88' lang='grc'><strong>354</strong></span> <span class='ocrx_word' id='word_1_190' title='bbox 1053 2530 1224 2589; x_wconf 90' lang='lat' dir='ltr'><strong>mortuum</strong></span> <span class='ocrx_word' id='word_1_191' title='bbox 1247 2545 1322 2588; x_wconf 92' lang='lat' dir='ltr'><strong>esse</strong></span> 
     </span>
     <span class='ocr_line' id='line_1_23' title="bbox 148 2619 1321 2715; baseline -0.005 -18"><span class='ocrx_word' id='word_1_192' title='bbox 148 2632 267 2715; x_wconf 85' lang='lat' dir='ltr'><strong>scivit,</strong></span> <span class='ocrx_word' id='word_1_193' title='bbox 305 2654 382 2695; x_wconf 88' lang='lat' dir='ltr'><strong>eum</strong></span> <span class='ocrx_word' id='word_1_194' title='bbox 417 2619 501 2713; x_wconf 68' lang='lat' dir='ltr'><strong>incip</strong></span> <span class='ocrx_word' id='word_1_195' title='bbox 533 2622 572 2689; x_wconf 81' lang='lat' dir='ltr'><strong>cd</strong></span> <span class='ocrx_word' id='word_1_196' title='bbox 600 2621 789 2714; x_wconf 68' lang='lat' dir='ltr'><strong>e&#39;rerrp&#39;aotuu</strong></span> <span class='ocrx_word' id='word_1_197' title='bbox 821 2622 974 2712; x_wconf 72' lang='lat' dir='ltr'><strong>yeyovo&#39;tc</strong></span> <span class='ocrx_word' id='word_1_198' title='bbox 1006 2631 1154 2696; x_wconf 88' lang='lat' dir='ltr'><strong>animam</strong></span> <span class='ocrx_word' id='word_1_199' title='bbox 1183 2630 1321 2695; x_wconf 82' lang='grc'><strong>61116666</strong></span> 
     </span>
     <span class='ocr_line' id='line_1_24' title="bbox 149 2736 1322 2824; baseline -0.002 -20"><span class='ocrx_word' id='word_1_200' title='bbox 149 2739 299 2804; x_wconf 88' lang='lat' dir='ltr'><strong>iudicare</strong></span> <span class='ocrx_word' id='word_1_201' title='bbox 322 2737 444 2824; x_wconf 89' lang='lat' dir='ltr'><strong>potuit.</strong></span> <span class='ocrx_word' id='word_1_202' title='bbox 472 2774 511 2782; x_wconf 83' lang='lat'>-</span> <span class='ocrx_word' id='word_1_203' title='bbox 536 2736 646 2821; x_wconf 83' lang='lat' dir='ltr'><strong>Adde,</strong></span> <span class='ocrx_word' id='word_1_204' title='bbox 671 2738 760 2822; x_wconf 89' lang='lat' dir='ltr'><strong>quod</strong></span> <span class='ocrx_word' id='word_1_205' title='bbox 784 2738 905 2802; x_wconf 89' lang='lat' dir='ltr'><strong>melius</strong></span> <span class='ocrx_word' id='word_1_206' title='bbox 930 2744 964 2803; x_wconf 89' lang='lat' dir='ltr'><strong>et</strong></span> <span class='ocrx_word' id='word_1_207' title='bbox 987 2738 1097 2824; x_wconf 86' lang='lat' dir='ltr'><strong>magis</strong></span> <span class='ocrx_word' id='word_1_208' title='bbox 1118 2760 1178 2824; x_wconf 91' lang='lat' dir='ltr'><strong>pro</strong></span> <span class='ocrx_word' id='word_1_209' title='bbox 1195 2760 1322 2823; x_wconf 89' lang='lat' dir='ltr'><strong>genere</strong></span> 
     </span>
     <span class='ocr_line' id='line_1_25' title="bbox 148 2844 1323 2934; baseline -0.002 -22"><span class='ocrx_word' id='word_1_210' title='bbox 148 2847 259 2934; x_wconf 89' lang='lat' dir='ltr'><strong>operis</strong></span> <span class='ocrx_word' id='word_1_211' title='bbox 288 2869 308 2911; x_wconf 89' lang='lat' dir='ltr'><strong>a</strong></span> <span class='ocrx_word' id='word_1_212' title='bbox 332 2844 513 2911; x_wconf 84' lang='lat' dir='ltr'><strong>Stesielide</strong></span> <span class='ocrx_word' id='word_1_213' title='bbox 540 2844 696 2931; x_wconf 89' lang='lat' dir='ltr'><strong>Philippi</strong></span> <span class='ocrx_word' id='word_1_214' title='bbox 723 2846 814 2931; x_wconf 84' lang='lat' dir='ltr'><strong>regis</strong></span> <span class='ocrx_word' id='word_1_215' title='bbox 842 2846 971 2911; x_wconf 88' lang='lat' dir='ltr'><strong>mentio</strong></span> <span class='ocrx_word' id='word_1_216' title='bbox 1001 2845 1091 2910; x_wconf 89' lang='lat' dir='ltr'><strong>facta</strong></span> <span class='ocrx_word' id='word_1_217' title='bbox 1119 2852 1184 2928; x_wconf 92' lang='lat' dir='ltr'><strong>est,</strong></span> <span class='ocrx_word' id='word_1_218' title='bbox 1221 2845 1251 2909; x_wconf 95' lang='lat' dir='ltr'><strong>si</strong></span> <span class='ocrx_word' id='word_1_219' title='bbox 1280 2845 1323 2910; x_wconf 90' lang='lat' dir='ltr'><strong>ab</strong></span> 
     </span>
     <span class='ocr_line' id='line_1_26' title="bbox 148 2951 1324 3039; baseline -0.002 -20"><span class='ocrx_word' id='word_1_220' title='bbox 148 2954 208 3019; x_wconf 89' lang='lat' dir='ltr'><strong>illo</strong></span> <span class='ocrx_word' id='word_1_221' title='bbox 240 2951 406 3019; x_wconf 86' lang='lat' dir='ltr'><strong>traditum</strong></span> <span class='ocrx_word' id='word_1_222' title='bbox 437 2974 510 3016; x_wconf 88' lang='lat' dir='ltr'><strong>esse</strong></span> <span class='ocrx_word' id='word_1_223' title='bbox 538 2957 711 3038; x_wconf 75' lang='lat' dir='ltr'><strong>putamuS,</strong></span> <span class='ocrx_word' id='word_1_224' title='bbox 747 2953 1012 3039; x_wconf 88' lang='lat' dir='ltr'><strong>Xenophontem</strong></span> <span class='ocrx_word' id='word_1_225' title='bbox 1046 2953 1098 3019; x_wconf 93' lang='grc'><strong>01.</strong></span> <span class='ocrx_word' id='word_1_226' title='bbox 1130 2953 1194 3016; x_wconf 89' lang='grc'><strong>106</strong></span> <span class='ocrx_word' id='word_1_227' title='bbox 1230 2951 1324 3017; x_wconf 88' lang='lat' dir='ltr'><strong>diem</strong></span> 
     </span>
     <span class='ocr_line' id='line_1_27' title="bbox 144 3055 1324 3148; baseline -0.001 -22"><span class='ocrx_word' id='word_1_228' title='bbox 144 3083 345 3148; x_wconf 89' lang='lat' dir='ltr'><strong>supremum</strong></span> <span class='ocrx_word' id='word_1_229' title='bbox 369 3058 494 3125; x_wconf 91' lang='lat' dir='ltr'><strong>obiisse</strong></span> <span class='ocrx_word' id='word_1_230' title='bbox 518 3055 622 3143; x_wconf 88' lang='lat' dir='ltr'><strong>(quod</strong></span> <span class='ocrx_word' id='word_1_231' title='bbox 647 3060 738 3124; x_wconf 91' lang='lat' dir='ltr'><strong>enim</strong></span> <span class='ocrx_word' id='word_1_232' title='bbox 762 3060 871 3145; x_wconf 90' lang='lat' dir='ltr'><strong>primo</strong></span> <span class='ocrx_word' id='word_1_233' title='bbox 895 3061 968 3125; x_wconf 89' lang='lat' dir='ltr'><strong>eius</strong></span> <span class='ocrx_word' id='word_1_234' title='bbox 992 3059 1207 3146; x_wconf 88' lang='lat' dir='ltr'><strong>Olympiadis</strong></span> <span class='ocrx_word' id='word_1_235' title='bbox 1231 3082 1324 3125; x_wconf 90' lang='grc'><strong>6666</strong></span> 
     </span>
     <span class='ocr_line' id='line_1_28' title="bbox 150 3164 1325 3253; baseline -0.002 -19"><span class='ocrx_word' id='word_1_236' title='bbox 150 3191 228 3234; x_wconf 87' lang='grc'><strong>6661</strong></span> <span class='ocrx_word' id='word_1_237' title='bbox 252 3173 422 3233; x_wconf 91' lang='lat' dir='ltr'><strong>mortuum</strong></span> <span class='ocrx_word' id='word_1_238' title='bbox 447 3188 519 3231; x_wconf 88' lang='lat' dir='ltr'><strong>esse</strong></span> <span class='ocrx_word' id='word_1_239' title='bbox 543 3165 637 3250; x_wconf 88' lang='lat' dir='ltr'><strong>dicit,</strong></span> <span class='ocrx_word' id='word_1_240' title='bbox 664 3167 696 3232; x_wconf 89' lang='grc'><strong>61</strong></span> <span class='ocrx_word' id='word_1_241' title='bbox 719 3168 769 3231; x_wconf 88' lang='grc'><strong>161</strong></span> <span class='ocrx_word' id='word_1_242' title='bbox 790 3190 859 3232; x_wconf 90' lang='grc'><strong>666</strong></span> <span class='ocrx_word' id='word_1_243' title='bbox 875 3191 1000 3253; x_wconf 83' lang='lat' dir='ltr'><strong>magna</strong></span> <span class='ocrx_word' id='word_1_244' title='bbox 1016 3166 1198 3232; x_wconf 86' lang='lat' dir='ltr'><strong>auctoritas</strong></span> <span class='ocrx_word' id='word_1_245' title='bbox 1215 3164 1325 3232; x_wconf 91' lang='lat' dir='ltr'><strong>tribu·</strong></span> 
     </span>
     <span class='ocr_line' id='line_1_29' title="bbox 150 3268 1327 3361; baseline -0.005 -20"><span class='ocrx_word' id='word_1_246' title='bbox 150 3275 238 3341; x_wconf 87' lang='lat' dir='ltr'><strong>enda</strong></span> <span class='ocrx_word' id='word_1_247' title='bbox 262 3273 349 3354; x_wconf 81' lang='lat' dir='ltr'><strong>erit).</strong></span> <span class='ocrx_word' id='word_1_248' title='bbox 396 3275 484 3339; x_wconf 88' lang='lat' dir='ltr'><strong>Nam</strong></span> <span class='ocrx_word' id='word_1_249' title='bbox 513 3274 564 3340; x_wconf 92' lang='grc'><strong>01.</strong></span> <span class='ocrx_word' id='word_1_250' title='bbox 593 3274 655 3338; x_wconf 89' lang='grc'><strong>106</strong></span> <span class='ocrx_word' id='word_1_251' title='bbox 678 3274 859 3361; x_wconf 91' lang='lat' dir='ltr'><strong>Philippus</strong></span> <span class='ocrx_word' id='word_1_252' title='bbox 884 3274 1063 3361; x_wconf 87' lang='lat' dir='ltr'><strong>Olympiae</strong></span> <span class='ocrx_word' id='word_1_253' title='bbox 1086 3271 1187 3355; x_wconf 74' lang='grc' dir='ltr'><strong>ἵππῳ</strong></span> <span class='ocrx_word' id='word_1_254' title='bbox 1210 3268 1327 3358; x_wconf 64' lang='lat' dir='ltr'><strong>adipio</strong></span> 
     </span>
     <span class='ocr_line' id='line_1_30' title="bbox 149 3380 1328 3468; baseline -0.001 -20"><span class='ocrx_word' id='word_1_255' title='bbox 149 3382 329 3449; x_wconf 85' lang='lat' dir='ltr'><strong>victoriam</strong></span> <span class='ocrx_word' id='word_1_256' title='bbox 355 3380 552 3468; x_wconf 86' lang='lat' dir='ltr'><strong>reportavit.</strong></span> <span class='ocrx_word' id='word_1_257' title='bbox 589 3380 691 3462; x_wconf 86' lang='lat' dir='ltr'><strong>(Plut.</strong></span> <span class='ocrx_word' id='word_1_258' title='bbox 721 3380 819 3446; x_wconf 86' lang='lat' dir='ltr'><strong>Alex.</strong></span> <span class='ocrx_word' id='word_1_259' title='bbox 852 3383 882 3446; x_wconf 90' lang='lat'><strong>3.</strong></span> <span class='ocrx_word' id='word_1_260' title='bbox 913 3382 1046 3447; x_wconf 86' lang='grc'><strong>066661.</strong></span> <span class='ocrx_word' id='word_1_261' title='bbox 1072 3381 1115 3446; x_wconf 89' lang='lat' dir='ltr'><strong>ad</strong></span> <span class='ocrx_word' id='word_1_262' title='bbox 1136 3380 1249 3466; x_wconf 88' lang='lat' dir='ltr'><strong>Apoll.</strong></span> <span class='ocrx_word' id='word_1_263' title='bbox 1273 3381 1328 3447; x_wconf 86' lang='lat' dir='ltr'><strong>VI</strong></span> 
     </span>
     <span class='ocr_line' id='line_1_31' title="bbox 149 3489 328 3578; baseline -0.006 -22"><span class='ocrx_word' id='word_1_264' title='bbox 149 3513 182 3578; x_wconf 91' lang='lat' dir='ltr'><strong>p.</strong></span> <span class='ocrx_word' id='word_1_265' title='bbox 210 3489 328 3570; x_wconf 84' lang='grc'><strong>1056.)</strong></span> 
     </span>
    </p>

    <p class='ocr_par' dir='ltr' id='par_1_3' title="bbox 150 3593 1329 4114">
     <span class='ocr_line' id='line_1_32' title="bbox 257 3593 1328 3683; baseline -0.003 -20"><span class='ocrx_word' id='word_1_266' title='bbox 257 3596 444 3663; x_wconf 85' lang='lat' dir='ltr'><strong>Archontis</strong></span> <span class='ocrx_word' id='word_1_267' title='bbox 462 3593 698 3661; x_wconf 80' lang='lat' dir='ltr'><strong>Callidemidis</strong></span> <span class='ocrx_word' id='word_1_268' title='bbox 715 3619 840 3662; x_wconf 90' lang='lat' dir='ltr'><strong>nomen</strong></span> <span class='ocrx_word' id='word_1_269' title='bbox 856 3602 1054 3683; x_wconf 90' lang='lat' dir='ltr'><strong>corruptum</strong></span> <span class='ocrx_word' id='word_1_270' title='bbox 1070 3594 1328 3661; x_wconf 74' lang='grc'><strong>61061111661166</strong></span> 
     </span>
     <span class='ocr_line' id='line_1_33' title="bbox 151 3702 1328 3788; baseline -0.003 -17"><span class='ocrx_word' id='word_1_271' title='bbox 151 3705 369 3772; x_wconf 88' lang='lat' dir='ltr'><strong>scribendum</strong></span> <span class='ocrx_word' id='word_1_272' title='bbox 393 3726 466 3769; x_wconf 90' lang='lat' dir='ltr'><strong>esse</strong></span> <span class='ocrx_word' id='word_1_273' title='bbox 489 3703 636 3788; x_wconf 86' lang='lat' dir='ltr'><strong>videtur,</strong></span> <span class='ocrx_word' id='word_1_274' title='bbox 662 3726 739 3768; x_wconf 88' lang='lat' dir='ltr'><strong>eum</strong></span> <span class='ocrx_word' id='word_1_275' title='bbox 754 3703 924 3769; x_wconf 87' lang='lat' dir='ltr'><strong>Diodorus</strong></span> <span class='ocrx_word' id='word_1_276' title='bbox 941 3704 1028 3770; x_wconf 82' lang='lat' dir='ltr'><strong>XVI</strong></span> <span class='ocrx_word' id='word_1_277' title='bbox 1045 3704 1064 3766; x_wconf 95' lang='grc'><strong>2</strong></span> <span class='ocrx_word' id='word_1_278' title='bbox 1086 3709 1121 3767; x_wconf 92' lang='lat' dir='ltr'><strong>et</strong></span> <span class='ocrx_word' id='word_1_279' title='bbox 1136 3702 1328 3787; x_wconf 84' lang='lat' dir='ltr'><strong>Dionysius</strong></span> 
     </span>
     <span class='ocr_line' id='line_1_34' title="bbox 150 3809 1328 3895; baseline -0.003 -16"><span class='ocrx_word' id='word_1_280' title='bbox 150 3814 229 3879; x_wconf 91' lang='lat' dir='ltr'><strong>Hal.</strong></span> <span class='ocrx_word' id='word_1_281' title='bbox 255 3813 296 3878; x_wconf 88' lang='lat' dir='ltr'><strong>de</strong></span> <span class='ocrx_word' id='word_1_282' title='bbox 312 3811 474 3877; x_wconf 88' lang='lat' dir='ltr'><strong>Dinarch.</strong></span> <span class='ocrx_word' id='word_1_283' title='bbox 493 3812 513 3875; x_wconf 83' lang='lat'>9</span> <span class='ocrx_word' id='word_1_284' title='bbox 532 3810 728 3875; x_wconf 88' lang='lat' dir='ltr'><strong>archontem</strong></span> <span class='ocrx_word' id='word_1_285' title='bbox 744 3812 795 3876; x_wconf 91' lang='grc'><strong>01.</strong></span> <span class='ocrx_word' id='word_1_286' title='bbox 817 3812 889 3895; x_wconf 89' lang='grc'><strong>105,</strong></span> <span class='ocrx_word' id='word_1_287' title='bbox 910 3813 926 3875; x_wconf 94' lang='grc'><strong>1</strong></span> <span class='ocrx_word' id='word_1_288' title='bbox 953 3809 1175 3876; x_wconf 81' lang='lat' dir='ltr'><strong>Callimedem</strong></span> <span class='ocrx_word' id='word_1_289' title='bbox 1191 3817 1328 3895; x_wconf 85' lang='lat' dir='ltr'><strong>vocent,</strong></span> 
     </span>
     <span class='ocr_line' id='line_1_35' title="bbox 152 3915 1328 4006; baseline -0.003 -20"><span class='ocrx_word' id='word_1_290' title='bbox 152 3921 391 4006; x_wconf 85' lang='lat' dir='ltr'><strong>Diogenesque</strong></span> <span class='ocrx_word' id='word_1_291' title='bbox 416 3918 560 4004; x_wconf 85' lang='lat' dir='ltr'><strong>scriptor</strong></span> <span class='ocrx_word' id='word_1_292' title='bbox 582 3918 908 4005; x_wconf 85' lang='lat' dir='ltr'><strong>neglegentissimus</strong></span> <span class='ocrx_word' id='word_1_293' title='bbox 937 3919 983 3983; x_wconf 90' lang='lat' dir='ltr'><strong>sit</strong></span> <span class='ocrx_word' id='word_1_294' title='bbox 1010 3916 1187 4002; x_wconf 84' lang='lat' dir='ltr'><strong>(Benseler</strong></span> <span class='ocrx_word' id='word_1_295' title='bbox 1208 3915 1328 3983; x_wconf 86' lang='lat' dir='ltr'><strong>Lexic.</strong></span> 
     </span>
     <span class='ocr_line' id='line_1_36' title="bbox 154 4024 1329 4114; baseline -0.005 -21"><span class='ocrx_word' id='word_1_296' title='bbox 154 4028 185 4094; x_wconf 93' lang='lat' dir='ltr'><strong>d.</strong></span> <span class='ocrx_word' id='word_1_297' title='bbox 210 4051 260 4114; x_wconf 84' lang='lat' dir='ltr'><strong>gr.</strong></span> <span class='ocrx_word' id='word_1_298' title='bbox 284 4028 523 4113; x_wconf 86' lang='lat' dir='ltr'><strong>Eigennamen</strong></span> <span class='ocrx_word' id='word_1_299' title='bbox 548 4047 572 4088; x_wconf 88' lang='lat' dir='ltr'><strong>s.</strong></span> <span class='ocrx_word' id='word_1_300' title='bbox 599 4047 633 4108; x_wconf 91' lang='lat' dir='ltr'><strong>v;</strong></span> <span class='ocrx_word' id='word_1_301' title='bbox 659 4026 901 4092; x_wconf 76' lang='lat' dir='ltr'><strong>Wilamowita</strong></span> <span class='ocrx_word' id='word_1_302' title='bbox 918 4025 1037 4110; x_wconf 83' lang='lat' dir='ltr'><strong>Antig.</strong></span> <span class='ocrx_word' id='word_1_303' title='bbox 1061 4048 1094 4090; x_wconf 80' lang='lat' dir='ltr'><strong>v.</strong></span> <span class='ocrx_word' id='word_1_304' title='bbox 1111 4025 1193 4088; x_wconf 89' lang='lat' dir='ltr'><strong>Kar.</strong></span> <span class='ocrx_word' id='word_1_305' title='bbox 1211 4046 1243 4110; x_wconf 89' lang='lat' dir='ltr'><strong>p.</strong></span> <span class='ocrx_word' id='word_1_306' title='bbox 1261 4024 1329 4088; x_wconf 88' lang='grc'><strong>355</strong></span> 
     </span>
    </p>
   </div>
   <div class='ocr_carea' id='block_1_3' title="bbox 154 4244 1329 4434">
    <p class='ocr_par' dir='ltr' id='par_1_4' title="bbox 154 4244 1329 4434">
     <span class='ocr_line' id='line_1_37' title="bbox 262 4244 1329 4345; baseline -0.006 -14"><span class='ocrx_word' id='word_1_307' title='bbox 262 4277 289 4345; x_wconf 89' lang='grc'><strong>1)</strong></span> <span class='ocrx_word' id='word_1_308' title='bbox 326 4244 486 4330; x_wconf 88' lang='lat' dir='ltr'><strong>Pausanias</strong></span> <span class='ocrx_word' id='word_1_309' title='bbox 505 4271 534 4325; x_wconf 91' lang='lat' dir='ltr'><strong>X</strong></span> <span class='ocrx_word' id='word_1_310' title='bbox 552 4271 608 4339; x_wconf 87' lang='grc'><strong>2,3</strong></span> <span class='ocrx_word' id='word_1_311' title='bbox 627 4288 738 4326; x_wconf 88' lang='lat' dir='ltr'><strong>errasse</strong></span> <span class='ocrx_word' id='word_1_312' title='bbox 756 4272 879 4342; x_wconf 86' lang='lat' dir='ltr'><strong>videtur,</strong></span> <span class='ocrx_word' id='word_1_313' title='bbox 900 4272 947 4343; x_wconf 88' lang='lat' dir='ltr'><strong>qui</strong></span> <span class='ocrx_word' id='word_1_314' title='bbox 968 4271 1011 4328; x_wconf 93' lang='lat' dir='ltr'><strong>Ol.</strong></span> <span class='ocrx_word' id='word_1_315' title='bbox 1032 4272 1082 4327; x_wconf 83' lang='lat'><strong>105</strong></span> <span class='ocrx_word' id='word_1_316' title='bbox 1101 4272 1226 4325; x_wconf 90' lang='lat' dir='ltr'><strong>Prorum</strong></span> <span class='ocrx_word' id='word_1_317' title='bbox 1239 4271 1329 4342; x_wconf 83' lang='lat' dir='ltr'><strong>Cyre-</strong></span> 
     </span>
     <span class='ocr_line' id='line_1_38' title="bbox 154 4356 705 4434; baseline -0.007 -14"><span class='ocrx_word' id='word_1_318' title='bbox 154 4382 259 4420; x_wconf 84' lang='lat' dir='ltr'><strong>naeum</strong></span> <span class='ocrx_word' id='word_1_319' title='bbox 278 4363 429 4421; x_wconf 87' lang='lat' dir='ltr'><strong>victoriam</strong></span> <span class='ocrx_word' id='word_1_320' title='bbox 449 4366 609 4434; x_wconf 87' lang='lat' dir='ltr'><strong>reportasse</strong></span> <span class='ocrx_word' id='word_1_321' title='bbox 628 4356 705 4416; x_wconf 81' lang='lat' dir='ltr'><strong>dicit.</strong></span> 
     </span>
    </p>
   </div>
   <div class='ocr_carea' id='block_1_4' title="bbox 0 0 1486 4874">
    <p class='ocr_par' dir='ltr' id='par_1_5' title="bbox 0 0 1486 4874">
     <span class='ocr_line' id='line_1_39' title="bbox 0 0 1486 4874; baseline 0 0"><span class='ocrx_word' id='word_1_322' title='bbox 0 0 1486 4874; x_wconf 95' lang='lat' dir='ltr'><strong> </strong></span> 
     </span>
    </p>
   </div>
  </div>
 </body>
</html>
