2896 4874
620 155 839 266 Lag„

172 379 320 467 leliusque
343 381 463 463 (Wien
494 385 554 450 Ac.
576 386 654 449 Ber.
672 385 829 467 1111634,
865 383 993 448 LXXX
1014 380 1091 465 158)
1128 380 1315 447 Anabasim

171 490 403 555 oumSeillunte
418 492 611 578 Xenophon
634 493 703 556 iam
727 492 886 578 expulsus
911 496 999 555 esset
1023 490 1150 574 (itaque
1176 490 1315 555 sirecte

169 617 194 680 p.
214 596 249 660 27
275 596 435 682 iudicavi,
458 606 535 684 post
562 622 592 664 a.
618 598 705 681 371),
742 600 968 684 conscriptam
991 620 1064 661 esse
1100 602 1314 661 censuerunt.

170 701 294 778 Quorum
317 706 457 770 Grotius
482 707 619 790 quidem
643 705 684 769 de
707 705 771 770 1166
807 728 866 770 616
901 705 1071 770 661161116
1105 703 1214 768 fusius
1245 725 1315 768 non

169 807 341 896 disputavit,
360 813 584 878 Schenkelius
596 813 859 898 Xenophontem
872 813 902 876 si
914 812 972 876 1116
984 818 1136 897 tempore
1149 811 1316 875 Soillunte

167 913 339 1003 babitasset,
363 919 472 984 Anah.
498 920 529 985 V
553 921 583 1003 3,
608 921 628 983 9
653 926 687 983 61
713 920 754 983 10
777 942 848 983 non
871 918 1072 1006 imperfecta
1100 918 1207 982 forma
1240 940 1315 982 161-

166 1021 263 1088 borum
276 1048 417 1090 usurum
440 1026 545 1090 fuisse
570 1024 664 1107 dicit,
689 1026 749 1090 sed
765 1026 1009 1111 praesentibus.
1036 1025 1105 1090 Sed
1120 1009 1317 1110 Xenophon

102 1162 105 1189 1
162 1133 315 1214 praesenti
337 1132 509 1217 historice,
535 1155 600 1218 quo
617 1134 657 1210 ἐξ
671 1134 690 1196 7
705 1134 772 1197 618
795 1155 848 1197 166
872 1133 1036 1217 narravit,
1061 1133 1164 1197 misso
1188 1134 1207 1210 ξ
1229 1133 1249 1196 9
1274 1131 1318 1196 ad

102 1204 105 1289 1
162 1237 304 1303 aoristum
327 1240 480 1324 transiit,
516 1263 593 1304 cum
628 1240 733 1321 dicat:
770 1231 909 1323 ἐποίησε
945 1234 980 1299 δὲ
1014 1234 1069 1300 καὶ
1105 1230 1218 1318 βωμόν
1242 1244 1316 1322 ete,

102 1406 104 1413 ,
161 1365 246 1428 quare
270 1346 481 1431 imperfectis
514 1347 582 1412 illis
610 1347 699 1411 nihil
728 1346 821 1410 aliud
849 1347 1037 1431 significari
1073 1346 1241 1430 existimo,
1278 1369 1317 1410 ac

102 1432 105 1445 ¹
158 1453 276 1538 saepius
304 1453 394 1518 facta
418 1476 490 1518 esse
515 1477 600 1538 quae
628 1455 668 1517 de
698 1453 817 1519 diebus
845 1452 944 1518 festis
972 1453 1190 1538 filiorumque
1215 1476 1318 1517 vena-

102 1608 107 1627 .
157 1556 297 1625 tionibus
309 1561 380 1624 illic
395 1560 599 1625 referuntur.
635 1556 832 1639 8611111161)
849 1560 956 1644 igitur
972 1566 1052 1624 ante
1070 1566 1271 1624 autumnum
1288 1584 1316 1637 a,
1336 1573 1348 1606 Ι

157 1664 219 1750 371,
243 1667 314 1752 sed,
339 1690 415 1732 cum
432 1669 565 1753 saepius
582 1668 650 1732 iarn
666 1668 862 1754 Xenophon
880 1668 1130 1732 anniversarios
1147 1667 1223 1733 illos
1244 1666 1318 1732 dies

155 1769 247 1839 festos
283 1797 311 1838 a.
344 1775 409 1839 383
445 1775 621 1840 institutos
657 1775 867 1858 celebrasset,
905 1780 1034 1861 posta.
1059 1774 1318 1840 380Anabasis

154 1881 329 1966 composita
353 1887 414 1946 est.
472 1884 521 1949 Ut
554 1905 636 1947 vero
672 1905 745 1946 eam
778 1905 848 1946 non
875 1883 989 1967 paullo
1013 1889 1142 1967 posta.
1168 1883 1234 1947 380
1258 1882 1318 1946 sed

152 1986 215 2073 ipso
238 1987 311 2052 fere
335 2012 364 2053 a.
390 1989 453 2053 371
479 1989 509 2052 61
531 2012 601 2053 161
625 1990 855 2074 compositam,
880 1996 916 2053 at
940 1990 1135 2073 evulgatam
1158 1988 1317 2074 iudicem,

151 2114 184 2158 ea
197 2097 328 2160 ratione
345 2094 501 2180 adducor,
526 2097 616 2180 quod
640 2119 705 2181 quo
728 2102 880 2181 tempore
905 2097 1032 2182 scripta
1054 2103 1115 2180 est,
1141 2119 1179 2161 eo
1202 2119 1320 2181 regem

147 2200 323 2266 Persarum
346 2203 493 2267 amicum
516 2203 640 2268 habere
656 2203 1002 2269 Lacedaemoniorum
1026 2204 1199 2269 intererat.
1238 2205 1318 2268 Dis-

147 2307 318 2374 simulavit
339 2310 430 2373 enim
446 2311 638 2396 Xenophon
655 2309 738 2395 Cyri
755 2310 797 2373 ad
809 2309 1094 2375 Lacedaemonios
1110 2310 1318 2396 legationem

145 2415 254 2496 (Diod.
280 2417 364 2482 XIV
394 2413 449 2499 19)
483 2440 553 2482 161
587 2419 699 2481 minus
729 2439 829 2502 quam
857 2417 1022 2481 auxilium
1047 2419 1136 2502 Cyro
1172 2418 1213 2482 ab
1248 2418 1318 2482 illis

144 2524 294 2607 missum,
328 2547 439 2609 neque
462 2525 553 2588 unde
590 2525 813 2610 Chirisophus
848 2525 976 2588 milites
1012 2547 1089 2589 suos
1124 2524 1319 2609 collegisset

144 2632 276 2717 aperuit
299 2630 421 2711 (Anah.
446 2632 464 2695 1
485 2632 517 2714 4,
536 2630 579 2713 3).
627 2631 775 2696 Maxime
799 2654 880 2696 1616
903 2654 1019 2716 regem
1043 2632 1222 2696 Persarum
1247 2633 1317 2696 suis

142 2739 240 2804 rebus
271 2737 444 2802 faventem
478 2738 602 2802 habere
626 2762 654 2804 a.
679 2739 743 2802 371
768 2738 1113 2818 Lacedaemoniorum
1142 2739 1316 2823 intererat,

141 2868 216 2910 eum
239 2845 335 2931 pacis
358 2845 572 2910 renovandae
596 2869 695 2910 causa
717 2845 824 2930 legati
847 2846 1053 2910 Graecorum
1076 2868 1193 2910 mense
1216 2846 1316 2911 lunio

141 2953 244 3035 (Plut.
271 2952 375 3037 Ages.
401 2954 456 3036 283
495 2953 632 3018 Curtius
660 2954 714 3017 HI
742 2954 820 3035 2943
858 2955 963 3019 Grote
986 2955 1018 3018 X
1044 2952 1122 3034 222)
1159 2953 1317 3039 Spartam

138 3060 376 3142 convenirent,
413 3082 478 3143 quo
514 3068 547 3125 et
575 3062 649 3147 ipse
677 3061 883 3124 Artaxerxes
907 3062 1059 3145 legatum
1082 3061 1178 3124 misit
1202 3060 1315 3139 (Diod.

135 3168 203 3235 XV
237 3162 307 3248 50).
355 3166 430 3242 Qua
462 3168 594 3232 ratione
630 3168 697 3231 iam
731 3168 929 3250 Kruegerus
965 3166 1171 3246 (Anthentia
1204 3167 1314 3233 Anab.

135 3299 169 3362 p.
194 3268 286 3355 411.)
311 3280 497 3338 commotus
523 3280 588 3359 est,
612 3281 650 3338 ut
674 3274 712 3338 in
736 3275 826 3338 idem
850 3282 994 3361 tempus,
1019 3297 1222 3359 quamquam
1246 3297 1316 3339 non

135 3383 213 3448 sine
239 3380 354 3465 aliqua
377 3381 603 3446 haesitatione
628 3381 813 3445 Anabasim
836 3381 988 3446 referret.
1035 3382 1155 3465 Itaque
1179 3381 1316 3447 Anaba-

134 3490 205 3554 sim
229 3488 299 3551 iam
323 3493 422 3552 antea
444 3486 587 3553 fortasse
611 3489 837 3573 conscriptam
861 3512 940 3552 vere
964 3512 992 3552 a.
1019 3489 1081 3552 371
1106 3489 1255 3574 primum
1279 3490 1317 3553 in

132 3598 265 3680 vulgus
290 3594 416 3659 editam
441 3618 513 3660 esse
536 3602 628 3681 puto.
663 3596 747 3659 Tam
764 3616 836 3659 sero
854 3602 967 3660 autem
983 3601 1022 3660 ut
1039 3617 1116 3660 suas
1132 3619 1185 3661 res
1201 3603 1315 3679 gestas

250 3824 278 3891 1)
315 3822 464 3888 Nitsehius
482 3830 559 3878 16616
578 3824 693 3895 quidem
718 3823 866 3893 iudicavit,
894 3825 944 3878 sed
962 3829 1135 3895 argumento
1161 3842 1219 3878 non
1245 3824 1316 3879 satis

134 3916 226 3970 firmo
247 3913 422 3967 sententiam
441 3932 524 3967 suam
543 3914 686 3984 probavit,
715 3913 763 3982 qui
790 3931 824 3966 ex
843 3913 980 3983 perfectis
999 3913 1062 3981 §13
1081 3912 1219 3966 adhibitis
1239 3907 1317 3980 (ναὸς

135 4009 269 4058 εἴκασται
290 4032 321 4039 -
343 3996 443 4064 ξόανον
462 4000 572 4067 ἕστηκεν
589 4035 624 4048 ,-
645 3996 725 4068 στήλη
740 4000 860 4070 ἕστηκεν)
880 4002 1033 4071 concludit,
1052 4001 1082 4054 in
1101 4001 1164 4072 ipsa
1177 4001 1316 4057 Scillunte

133 4093 368 4163 Xenophontem
386 4092 457 4145 haee
476 4091 623 4162 scripsisse
642 4092 671 4161 (l.
690 4091 708 4143 l.
728 4109 754 4160 p.
774 4091 830 4159 42).
858 4091 1000 4146 Sacellum
1018 4089 1102 4158 enim,
1121 4090 1315 4160 simulacrum,

133 4183 246 4238 titulus
265 4180 355 4251 lapidi
373 4181 482 4234 incisus
500 4182 550 4235 illo
569 4182 687 4251 expulso
706 4186 883 4250 manserunt,
903 4198 969 4234 cum
988 4195 1080 4248 neque
1098 4180 1248 4250 regionem
1266 4199 1316 4236 va-

132 4278 251 4328 statam
271 4285 333 4324 esse
346 4269 486 4324 traditum
499 4270 546 4340 sit,
567 4275 595 4324 61
608 4271 669 4325 6116
681 4269 743 4339 ipse
760 4270 921 4323 Pausanias
939 4268 1000 4322 sive
1018 4266 1102 4321 testis
1121 4269 1182 4323 eius
1201 4270 1314 4326 aedicu-

134 4364 200 4418 lum
221 4359 285 4431 ipse
304 4359 409 4413 viderit·
429 4360 569 4429 1,Ῥ6116,17
590 4363 614 4429 6,
633 4360 669 4428 1).
