2932 4874
624 206 843 273 ..48-

148 387 285 473 singula
311 393 574 475 pertractantur,
598 387 789 451 rationibus
814 410 872 452 eur
898 388 984 452 tales
1007 410 1107 453 canes
1131 387 1176 454 ad
1197 411 1319 455 venan-

149 495 229 560 dum
265 495 404 559 inutiles
440 495 523 578 sint,
566 495 717 560 breviter
752 494 1003 561 demonstratis
1062 495 1184 582 Itaque
1224 496 1320 563 huius

148 602 257 668 libelli
280 624 388 687 genus
412 600 549 666 dicendi
567 602 739 667 diversum
764 602 805 667 ab
830 603 906 667 aliis
923 602 1166 690 Xenophontis
1189 604 1321 691 seriptis

147 710 274 796 optime
308 710 403 773 illum
439 709 717 795 inte1polatorem
753 716 968 795 perspectum
1003 709 1127 775 habere
1162 713 1320 800 oportuit,

148 817 206 902 qui
230 824 300 882 tam
324 816 410 882 bene
434 839 503 882 non
528 823 659 881 ceteros
676 816 920 902 Xenophontis
936 817 1051 903 libros,
1075 817 1135 882 sed
1158 841 1268 884 unum
1283 819 1322 884 de

148 924 340 989 Venatione
364 924 516 989 libellum
541 924 694 988 imitatus
719 930 771 988 est
779 917 812 1003 1).

255 1031 386 1096 Similis
409 1054 490 1095 vero
514 1031 733 1114 enumeratio,
760 1031 881 1096 ineulti
900 1032 1036 1116 generis
1052 1031 1193 1098 dicendi
1218 1033 1323 1115 speci·

146 1161 234 1221 men,
259 1138 386 1222 legitur
409 1161 436 1203 e.
461 1138 511 1203 IV
533 1161 564 1225 p.
587 1140 615 1222 1,
638 1138 699 1203 ubi
722 1138 763 1203 de
788 1161 855 1203 uno
878 1139 1059 1226 participio
1084 1130 1216 1217 ἔχουσαι
1244 1140 1322 1206 duo-

147 1245 319 1329 deviginti
335 1245 549 1310 substantiva
565 1245 725 1332 pendent,
750 1245 873 1330 quibus
890 1246 1037 1331 singulis
1061 1246 1138 1332 duo,
1166 1247 1247 1333 tria,
1270 1248 1323 1313 vel

147 1358 306 1437 quattuor
330 1351 499 1417 adieetiva
533 1351 650 1417 addita
685 1358 778 1435 suut,
816 1353 864 1417 ita
897 1360 936 1417 ut
971 1353 1087 1419 dec-em
1123 1360 1158 1419 et
1193 1360 1323 1441 septem

145 1482 264 1525 versus
287 1482 355 1523 una
379 1459 619 1524 contineantur
643 1460 834 1524 sententiae
857 1460 1011 1547 periodo,
1035 1462 1132 1527 nulla
1152 1461 1226 1527 fere
1249 1486 1322 1549 par·

149 1568 254 1633 tioula
270 1568 406 1631 inserta.
432 1568 519 1632 Nam
537 1566 578 1631 ab
596 1590 651 1631 ore
669 1566 712 1631 ad
731 1567 870 1632 eandam
889 1568 983 1633 canis
1000 1568 1148 1634 hocloco
1161 1568 1323 1635 describi·

145 1681 211 1758 tur,
229 1674 338 1758 qualis
356 1696 428 1739 esse
446 1673 581 1739 debeat:
611 1673 750 1756 Πριῦισν
772 1669 832 1752 μὲν
856 1656 911 1735 oin
925 1667 984 1760 χρὴ
1010 1664 1093 1737 εἶναι
1117 1667 1192 1758 (τὰς
1216 1668 1322 1754 κύνας,

150 1819 191 1826 -
209 1780 299 1866 quod
320 1781 546 1869 supplendum
563 1789 614 1845 est
631 1805 672 1845 ex
685 1782 738 1846 ΠΙ
757 1781 824 1860 ln)
848 1774 1000 1863 μεγάλας,
1025 1771 1096 1844 εἶτα
1112 1774 1251 1861 ἐχούσας
1266 1775 1324 1858 τὰς

146 1881 293 1973 κεφαλὰς
320 1881 474 1972 ι’λαιι-ριίς,
511 1880 624 1967 σιμός,
661 1878 856 1971 ιἰρθριαίλεις,
881 1881 981 1975 ἰιιιόιλη
1008 1882 1049 1951 τὰ
1072 1882 1228 1953 κάτωθεν
1261 1891 1324 1953 'cciv

145 1988 319 2074 proselitum,
357 1984 490 2074 dppora
513 1991 660 2079 pera'mou
682 1991 816 2074 μέλανα,
846 1989 995 2081 λαμπρά,
1030 1992 1172 2076 pitiana
1195 1991 1324 2081 μεγάλα

146 2097 203 2163 καὶ
228 2097 367 2179 πλατέα,
392 2095 452 2176 ‘mig
476 2096 656 2187 διακρίσεις
678 2097 830 2182 βαθείας,
856 2085 925 2164 αλια
948 2096 1067 2188 μακρά,
1092 2097 1211 2182 λεπῑά,
1238 2098 1323 2190 ψιλὰ

147 2199 301 2287 ὄπισθεν,
321 2202 497 2295 τραχήλοις
512 2202 666 2293 μακρούς,
686 2200 807 2293 ὑγραῖς,
831 2211 1029 2296 περιφερεῖς,
1052 2203 1161 2298 σιήθη
1180 2207 1323 2292 πλατέα,

147 2311 192 2403 μὴ
210 2307 348 2402 ιἰἷσαρκα,
374 2307 445 2379 ἀπὸ
469 2317 534 2378 ‘uir
558 2306 655 2397 dimon
682 2310 742 2391 ιἰὶς
766 2307 970 2396 ὠμοπλάτας
993 2310 1172 2393 διεστώσας
1194 2313 1323 2405 μικρόν,

148 2421 248 2511 σκέλη
261 2418 302 2486 aci
315 2417 471 2509 πρόσθια
483 2417 595 2509 μικρά,
614 2414 711 2508 ὀρθιὲ,
730 2417 919 2509 σιρσγγιῖλα,
938 2417 1069 2511 eripui,
1086 2418 1162 2500 τοὺς
1174 2416 1326 2508 ἀγκῶνας

253 2672 280 2743 1)
316 2673 425 2728 Eodem
453 2691 523 2728 vero
552 2679 723 2745 argumento
753 2679 782 2729 et
810 2679 939 2728 extrema
962 2673 1057 2744 capita
1085 2692 1102 2727 a
1124 2673 1325 2747 Xenophonte

144 2762 252 2834 scripta
272 2780 333 2818 esse
352 2763 469 2835 probari
488 2768 591 2833 potest,
611 2782 784 2833 quamquam
797 2763 937 2817 Linekius
950 2763 1021 2818 haee
1039 2781 1097 2817 non
1116 2763 1215 2819 minus
1235 2784 1324 2836 quam

143 2852 321 2924 prooemium
342 2871 376 2921 „a
395 2852 483 2906 sciolo
497 2852 671 2906 semidooto“
685 2853 888 2923 Xenophontis
907 2852 979 2906 libro
999 2851 1097 2906 addita
1117 2868 1179 2907 esse
1198 2854 1324 2910 censuit.

145 2942 201 3009 Qui
214 2959 288 3012 qnae
301 2941 336 2996 de
348 2941 466 2996 Ruehlii
486 2949 515 2996 et
527 2941 743 3013 Dittenbergrri
762 2941 908 2996 sententia
926 2941 1106 3011 indie-averit,
1124 2941 1224 3012 legere
1243 2943 1325 3001 iuva·

144 3032 187 3085 bit
211 3032 346 3099 (Hermes
365 3031 453 3087 XVII
472 3033 523 3085 321
543 3031 628 3102 seq.):
656 3032 696 3084 Es
715 3050 777 3085 war
796 3032 842 3085 ein
860 3032 1019 3086 verfehlter
1037 3032 1163 3101 SehlusS,
1183 3031 1237 3086 der
1255 3033 1326 3089 Ein-

144 3122 265 3193 t'assung
283 3139 394 3192 wegen,
414 3122 460 3175 die
479 3120 692 3176 Sehi'ilerarbeit
711 3120 757 3189 ist,
777 3120 851 3175 auch
871 3119 897 3175 d.
911 3121 931 3176 J
933 3121 1066 3192 agdbuoh
1085 3120 1174 3174 selbst
1189 3120 1211 3175 J
1212 3123 1326 3194 ugend-

143 3212 222 3265 werk
241 3229 278 3264 zu
296 3228 419 3279 neuneu,
440 3210 486 3264 ein
504 3209 695 3280 nothwendig
715 3209 872 3264 versehlter
885 3210 1003 3264 Sehluss
1016 3209 1091 3264 auch
1104 3208 1234 3280 deshalb‚
1255 3212 1325 3267 weil

142 3299 188 3354 bei
207 3301 330 3354 ntlrerer
349 3300 483 3370 Pri'it'ung
502 3299 554 3353 dei·
572 3298 699 3369 Spraohe
715 3298 797 3370 jeder
816 3298 912 3354 daven
931 3300 1070 3354 abstehen
1088 3305 1197 3354 miisste
1218 3299 1258 3371 (θ)
1278 3301 1326 3358 die

144 3389 277 3443 Lobrede
296 3389 349 3442 aut¹
365 3387 410 3442 die
430 3389 509 3459 Jagd
527 3388 557 3441 in
577 3387 622 3442 die
641 3388 705 3442 Zeit
725 3387 776 3442 der
795 3388 912 3458 Jugenu
930 3388 1110 3459 Xenophons
1138 3407 1174 3442 zu
1200 3392 1326 3461 nielson,

142 3478 203 3532 also
222 3479 298 3532 noeh
311 3478 416 3532 mitten
435 3477 466 3532 in
484 3477 530 3531 die
543 3477 567 3532 2.
582 3478 684 3532 Halfte
698 3477 747 3532 des
761 3480 785 3531 5.
799 3478 819 3532 J
820 3477 1016 3532 ahrhunderts
1031 3477 1074 3546 (u)
1093 3478 1153 3532 und
1171 3478 1212 3533 sie
1226 3480 1327 3536 neben

142 3567 194 3621 das
213 3567 316 3622 alteste
334 3567 479 3621 Denkmal
498 3565 560 3620 rein
579 3565 718 3621 attisoher
736 3569 836 3636 Prosa,
856 3567 907 3620 das
926 3567 980 3621 wir
998 3569 1121 3637 kennen,
1149 3568 1245 3623 neben
1276 3571 1327 3626 die

145 3656 256 3710 Sehrift
274 3674 342 3712 vom
361 3656 460 3710 Staate
480 3656 530 3709 der
543 3655 673 3711 Athener
692 3675 727 3710 zu
747 3657 858 3710 stellen.
886 3655 944 3709 Mir
963 3656 1075 3711 soheint
1094 3675 1124 3712 es
1142 3657 1225 3711 nieht
1245 3678 1325 3731 ganz

144 3745 313 3818 vorsiohtig,
333 3746 387 3800 aut'
404 3746 450 3800 die
469 3745 606 3816 Anfange
625 3745 675 3800 der
694 3746 890 3817 Sohriftprosa
908 3745 938 3798 in
952 3746 1050 3800 Athen
1069 3747 1325 3821 zuriiokzugehen,

143 3836 234 3890 ohne
262 3835 343 3890 sich
371 3835 500 3890 einmal
528 3835 707 3889 ernstlioh
733 3835 787 3890 die
813 3836 921 3905 Frage
946 3836 1096 3906 gestellt
1122 3855 1162 3890 zu
1189 3836 1325 3908 haben,

142 3926 183 3980 ob
212 3943 245 3978 es
273 3925 375 3980 nieht
402 3924 596 3981 vielleioht
625 3924 713 3977 doeh
742 3924 796 3978 die
826 3924 1048 3996 heginnende
1075 3924 1326 3983 Verderbniss

141 4014 205 4084 ist,
233 4032 291 4069 von
319 4015 445 4069 welcher
474 4014 550 4068 diese
570 4014 695 4085 Spraohe
714 4014 855 4085 Zeugniss
884 4012 989 4085 giebt.“
1028 4014 1111 4081 Quod
1130 4016 1278 4086 quomodo
1297 4018 1326 4073 is

142 4103 198 4157 sibi
216 4103 388 4176 persuadere
406 4102 541 4175 potuerit,
571 4102 620 4172 qui
638 4102 688 4156 illa
707 4103 802 4174 capita
821 4103 918 4158 iuveni
942 4102 1096 4157 tribuenda
1120 4104 1240 4175 censuit,
1272 4109 1325 4178 qni

141 4193 232 4264 ipsius
259 4193 463 4264 Xenophontis
497 4191 702 4246 consuetudine
736 4211 769 4246 ac
793 4192 991 4247 familiaritate
1019 4210 1089 4246 usus
1116 4193 1213 4264 itaque
1243 4196 1325 4252 cirea

142 4300 167 4336 a.
187 4283 241 4336 374
259 4289 345 4337 natus
363 4281 568 4336 Demosthenis
587 4282 649 4336 fere
668 4282 795 4352 aequalis
819 4287 906 4352 esset,
935 4282 1067 4352 equidem
1092 4301 1151 4338 non
1177 4283 1322 4358 intellego

144 4388 236 4442 neque
255 4390 382 4444 unquam
401 4371 599 4426 intellecturus
618 4389 691 4426 sum.
