2932 4874
653 205 872 269 ..12-

179 404 264 467 quae
287 391 404 449 narrat
427 382 564 448 affuisse
587 384 706 448 testari
729 384 851 469 potuit,
876 407 952 448 cum
976 406 1062 469 quae
1086 407 1217 450 summa
1239 384 1361 452 libelli

179 497 239 573 est,
265 490 433 576 colloquia
456 489 498 554 de
510 490 646 555 Amoris
663 496 784 555 natura
801 496 889 555 serta
906 491 979 578 ipse
995 491 1192 556 audivisset.
1229 492 1362 578 Itaque

177 603 379 683 argumenta
402 597 641 683 chronologica
665 620 706 661 ex
727 597 895 663 Convivio
920 605 955 663 et
978 599 1116 664 omnino
1141 621 1181 663 ex
1205 599 1362 687 dialogis

177 704 456 792 philosophorum
473 704 628 770 ducenda
644 727 712 769 non
729 727 802 769 csse
825 711 916 791 puto.
959 706 1025 783 Qui
1048 729 1128 772 vero
1153 706 1362 773 convivium

177 812 279 876 1422
303 813 372 876 1116
387 811 543 877 habitum
560 835 633 877 esse
650 812 715 876 sibi
731 813 945 898 persuadent,
970 815 1068 898 quale
1085 837 1104 878 a
1119 813 1361 902 Xenophonte

178 926 344 1003 narratur,
363 921 388 985 ii
404 921 442 984 in
455 919 625 1006 duplicem
641 920 799 989 incidunt
816 919 1063 985 difficultatem.
1088 921 1241 986 Primum
1257 922 1361 988 enim

177 1048 254 1091 cum
277 1027 412 1092 illorum
436 1028 608 1092 sententia
624 1027 822 1092 Athenaeus
838 1034 980 1114 pugnat,
1006 1029 1066 1113 qui
1081 1027 1360 1113 Xenophontem

176 1134 294 1198 1422
328 1140 386 1198 aut
420 1133 573 1199 nondum
595 1141 715 1199 natum
744 1140 803 1198 aut
831 1134 1000 1199 infantem
1031 1135 1214 1200 admodum
1243 1134 1359 1202 fuisse

177 1238 263 1304 dicit
271 1234 305 1324 ¹),
332 1239 419 1325 quod
444 1240 527 1326 quin
556 1241 613 1305 ille
641 1263 710 1306 non
738 1241 867 1327 primus
896 1240 962 1306 sibi
989 1243 1204 1328 persuaserit,
1241 1242 1305 1308 sed
1335 1267 1359 1309 a

176 1347 408 1431 grammaticis
438 1347 643 1414 cautioribus
671 1348 835 1413 traditum
870 1348 1052 1434 invenerit,
1079 1349 1246 1434 'equidem
1281 1373 1359 1416 non

177 1452 304 1519 dubito
329 1454 506 1520 Nitschius
531 1454 654 1520 deinde
679 1456 708 1520 si
731 1454 998 1541 Xenophontem
1033 1456 1213 1544 praecipue
1248 1458 1358 1522 collo-

177 1561 256 1646 quia
290 1561 381 1657 inter
415 1585 521 1627 annos
553 1563 760 1628 42261418
788 1563 905 1627 habita
934 1586 1106 1629 enarrasse
1134 1569 1233 1650 putat
1256 1560 1358 1644 (nam

175 1691 245 1734 non
279 1669 379 1734 modo
419 1670 622 1736 Conuiuium
664 1677 698 1734 et
733 1670 1005 1755 Oeconomicum,
1045 1671 1105 1736 sed
1139 1671 1244 1737 etiam
1278 1672 1357 1737 Me-

175 1799 258 1842 mor.
286 1778 362 1861 12,
391 1778 543 1843 29-31,
577 1779 607 1844 3.
642 1777 678 1841 H
707 1778 737 1841 6.
771 1777 822 1843 IV
855 1779 885 1843 2.
921 1779 951 1842 6.
988 1780 1094 1864 6--6,
1126 1780 1165 1844 11
1201 1779 1239 1843 in
1273 1778 1357 1846 illos

177 1906 284 1949 annos
319 1883 497 1950 Nitschius
536 1882 664 1968 refert),
706 1884 872 1970 quomodo
911 1885 969 1950 ille
1010 1909 1071 1973 per
1111 1885 1257 1973 triginta
1295 1889 1358 1955 vel

176 1990 402 2076 quadraginta
426 2014 531 2057 annos
555 1991 638 2056 haec
662 1992 744 2056 adeo
770 1998 885 2057 exacte
910 1994 1071 2060 memoria
1086 1995 1235 2059 retinere
1250 2000 1356 2080 potu·

175 2099 249 2182 erit,
274 2121 343 2163 non
367 2107 515 2186 apparet.
551 2099 672 2183 Itaque
696 2100 863 2185 colloquia
885 2101 1041 2187 plurima,
1068 2101 1191 2186 quibus
1216 2099 1358 2168 scilicet

167 2189 369 2292 ¹Xenophon
394 2205 562 2289 interfuit,
588 2206 625 2270 in
642 2214 827 2272 extremam
844 2207 992 2273 Socratis
1009 2213 1156 2273 aetatem
1171 2206 1357 2275 referenda

175 2335 305 2378 censeo,
329 2313 438 2379 Nemo
455 2314 547 2377 enim
564 2337 704 2399 eaquae
721 2316 894 2381 Socratem
911 2315 1144 2401 disputantem
1161 2314 1355 2402 audiverat,

175 2419 291 2484 statim
315 2443 335 2484 a
351 2421 583 2506 Xenophonte
606 2421 731 2486 litteris
751 2421 911 2487 mandata
933 2445 1005 2487 esse
1030 2421 1097 2487 sibi
1121 2421 1354 2509 persuadebit.

281 2527 432 2593 Nitschii
466 2528 574 2614 igitur
609 2529 814 2612 sententiae,
854 2530 913 2614 qui
951 2529 1220 2616 Xenophontem
1259 2529 1357 2596 inter

175 2658 203 2699 a.
228 2635 293 2699 442
318 2642 352 2698 et
364 2635 429 2699 436
438 2630 462 2714 2)
486 2643 605 2700 natum
629 2659 702 2700 ease
726 2636 909 2720 existimat,
936 2637 1095 2702 assentiri
1118 2659 1187 2701 non
1210 2659 1356 2723 possum

176 2747 210 2806 et
234 2742 306 2806 eius
331 2748 478 2807 aetatem
503 2766 543 2807 ex
559 2743 712 2808 Anabasi
727 2743 841 2829 potius
859 2766 960 2829 quam
976 2767 1018 2809 ex
1034 2744 1204 2810 Convivio
1228 2750 1263 2809 et
1278 2745 1355 2810 Μ6-

174 2849 394 2915 morabilibus
418 2849 692 2915 constituendam
715 2873 788 2915 esse
812 2857 906 2938 pute.
1311 2928 1314 2933 ¹

260 2957 263 2962 ’
281 2957 548 3043 Xenophontem
572 2958 664 3022 enim
688 2981 764 3023 curn
787 2965 903 3024 contra
919 2957 1145 3024 Artaxerxem
1166 2982 1242 3024 oum
1259 2959 1355 3045 Cyro

175 3223 233 3275 qua
250 3203 400 3275 provincia
419 3205 558 3260 Brasidae
576 3205 740 3260 incursione
759 3205 951 3261 Athenienses
969 3205 1077 3277 privati
1096 3213 1172 3275 sunt,
1200 3223 1294 3277 neque
1314 3226 1353 3262 ex

174 3296 210 3350 iis
229 3295 322 3366 terris,
351 3312 424 3367 quae
449 3295 480 3349 in
502 3295 565 3366 ipsa
589 3294 688 3349 Attica
712 3294 784 3349 sitae
808 3302 899 3365 erant,
929 3295 1099 3350 Charmides
1122 3314 1147 3351 a.
1167 3294 1355 3352 4221116111

177 3385 325 3457 percipere
352 3384 456 3457 potuit,
484 3384 509 3439 ai
531 3402 590 3438 non
614 3401 699 3456 agros
723 3384 936 3454 frumentarios,
956 3384 1005 3456 qui
1023 3384 1054 3438 in
1067 3385 1165 3439 Attica
1183 3384 1242 3439 rari
1259 3390 1354 3456 erant,

177 3476 227 3530 sed
255 3473 362 3529 oliveta
386 3473 527 3545 ficetaque
552 3472 725 3546 possidebat.
768 3475 844 3529 Nam
870 3494 936 3529 cum
954 3473 1175 3529 Lacedaemonii
1202 3473 1355 3530 arboribus

178 3567 311 3622 omnibus
330 3565 434 3621 decisis
453 3563 582 3618 Atticam
601 3563 747 3633 usquead
766 3582 790 3617 a.
809 3565 863 3617 425
882 3562 1086 3632 vastavissent,
1110 3562 1217 3618 oliveta
1238 3562 1356 3621 etiamsi

181 3657 244 3728 quis
264 3657 365 3712 statim
384 3655 537 3710 inserenda
557 3652 678 3721 curavit,
707 3672 732 3707 a.
750 3654 804 3706 422
822 3654 935 3707 fructus
954 3651 1022 3706 dare
1040 3653 1169 3708 nondum
1188 3659 1356 3725 potuerunt.

180 3745 251 3813 Quis
270 3750 368 3800 autem
387 3743 518 3816 pomaria
536 3742 647 3812 inserit,
676 3760 749 3812 quae
767 3742 898 3813 proximo
917 3760 993 3797 anno
1014 3741 1049 3796 ab
1069 3743 1200 3799 hostibus
1225 3743 1355 3800 deletum

178 3834 213 3889 iri
232 3833 412 3907 suspicetur?

284 3926 311 3992 1)
348 3924 454 3979 Athen.
467 3925 502 3979 V.
516 3925 569 3977 216
582 3921 613 3976 d:
635 3920 765 3991 Ξενοφῶν
786 3914 947 3975 ὑποτίθεται
964 3914 1015 3974 σὺν
1027 3927 1084 3980 τοῖς
1097 3912 1189 3980 ἄλλοις
1202 3915 1355 3993 δαιτυμόσι

176 4007 301 4084 παρόντα
313 4005 403 4078 αὑτὸν,
414 4007 461 4066 τὸν
475 4017 540 4071 ἴσως
552 4011 624 4084 μηδὲ
638 4015 804 4081 γεννηθέντα
818 4003 906 4082 nimpi
917 4005 1051 4078 παιδικὴν
1064 4004 1171 4077 ἠλικίαν
1185 4003 1354 4081 ὑπάρχοντα.

285 4105 315 4171 2)
352 4103 420 4175 Ipso
444 4122 468 4157 a.
493 4103 547 4156 440
570 4099 794 4171 Xenophontem
822 4106 923 4155 natum
952 4119 1014 4156 esse
1042 4101 1104 4172 ipse
1128 4100 1264 4155 Nischius
1292 4119 1354 4157 non
1426 4116 1429 4125 ·

176 4192 233 4247 uisi
253 4190 355 4248 Cobeti
379 4192 552 4261 coniectura,
582 4189 632 4261 qui
653 4189 740 4243 Mem.
759 4191 775 4244 I
793 4191 819 4259 3,
844 4192 908 4244 661
929 4192 962 4244 10
980 4209 1032 4261 pro
1047 4182 1221 4257 Ἀλκιβιάδου
1240 4182 1300 4240 υἱόν
1321 4221 1355 4230 -

175 4275 298 4351 Ἀξιόχου
313 4275 373 4333 υἱόν
382 4280 565 4337 scribendum
579 4284 671 4352 putat,
682 4278 819 4334 defendit.
849 4280 941 4349 Quam
955 4280 1150 4336 coniecturam
1162 4277 1356 4336 necessariam

183 4391 242 4429 non
261 4373 341 4430 duce.
