2932 4874
669 190 887 258 ...82-

192 367 330 457 phontis
347 368 474 436 librum
490 371 647 437 existimo
666 394 742 436 cum
759 371 886 436 Haasio
904 371 968 450 (od.
984 394 1017 457 p.
1031 370 1074 455 2),
1091 370 1251 437 Weiskie
1263 370 1311 459 (p.
1327 372 1373 458 2),

191 477 342 564 Bergkio
359 478 501 564 (Encyo.
518 479 796 562 1111181393),
814 478 1003 558 (1101101Η.
1022 501 1050 543 o.
1070 479 1110 543 G.
1127 479 1285 561 1X325),
1305 480 1374 545 Co-

190 584 280 669 boto,
295 586 353 671 qui
366 580 531 668 δευτέραις
547 578 695 670 φροντίσι
711 585 875 650 iudicium
887 587 974 650 Nou.
987 586 1082 650 Lect.
1099 608 1131 671 p.
1146 586 1221 650 611.
1237 587 1304 651 705
1319 610 1373 673 sq.

190 693 370 778 probatum
393 693 591 757 retractavit
614 691 718 778 praef.
742 716 774 778 p.
798 693 934 776 XXIV,
963 715 1027 757 noc
1054 715 1123 757 non
1150 693 1373 780 Naumanno,

192 799 250 883 qui
273 822 382 886 nuper
409 800 450 864 do
474 798 590 865 libello
611 798 709 864 docto
730 799 923 884 disertoque
946 798 1106 865 disseruit
1129 797 1233 882 (Berl.
1254 799 1372 885 1876).

190 907 309 991 Neque
333 907 482 972 Weiskii
507 907 570 988 (od.
597 930 667 971 exc.
694 904 749 989 10)
778 906 978 973 Schneidori
1012 907 1154 972 aliorum
1182 909 1374 974 sententiis

191 1014 368 1098 assentior,
393 1014 451 1098 qui
476 1014 597 1078 ceteris
622 1014 725 1079 salvis
749 1038 776 1078 c.
793 1014 880 1080 XIV
904 1014 1128 1099 Xenophonti
1152 1014 1373 1101 eripiendum

191 1144 263 1186 osso
288 1127 429 1186 consent
452 1118 526 1204 (cfr.
544 1121 658 1185 Haase
682 1120 732 1185 ed.
750 1144 782 1207 p.
801 1117 868 1204 20).
900 1121 988 1184 Nam
1012 1119 1101 1205 quod
1124 1143 1184 1206 por
1199 1121 1373 1187 tredecim

189 1228 306 1314 priora
322 1229 433 1314 capita
451 1228 692 1314 Spartanorum
709 1227 869 1291 instituta
892 1227 940 1292 ita
963 1228 1154 1314 descripsit,
1178 1235 1216 1293 ut
1233 1230 1374 1295 nomini

189 1357 260 1399 non
284 1336 404 1400 florere
429 1341 528 1421 atquo
552 1357 749 1422 permanere
772 1334 965 1418 videantur,
1002 1358 1028 1400 o.
1057 1336 1145 1401 XIV
1167 1358 1249 1401 vero
1270 1360 1372 1423 prae·

91 1471 93 1475 ·
189 1441 290 1506 101111
314 1441 399 1507 dicit
422 1444 648 1527 obsoletoque,
672 1443 766 1526 logos
790 1442 943 1527 Lycurgi
966 1443 1150 1528 neglectas,
1176 1443 1270 1508 cives
1295 1467 1372 1510 cor-

190 1556 309 1635 ruptos
334 1556 368 1614 et
392 1549 623 1634 degeneratos,
648 1548 685 1613 id
708 1549 841 1633 ingenii
864 1548 1001 1634 quidem
1018 1549 1172 1635 capitalis
1196 1571 1267 1615 non
1293 1573 1372 1617 esse

189 1656 345 1741 concedo,
371 1657 431 1722 sod
455 1680 520 1742 quo
543 1657 616 1721 iuro
640 1655 865 1742 Xenophonti
888 1656 957 1720 talo
981 1656 1159 1740 ingenium
1183 1656 1370 1744 tribuatur,

187 1786 258 1828 non
281 1763 393 1829 video
433 1763 532 1829 Addo
557 1762 647 1849 quod
675 1764 776 1828 huius
801 1762 923 1848 capitis
940 1763 1121 1828 auctoritas
1147 1786 1185 1828 oa
1208 1787 1245 1829 10
1262 1788 1371 1852 augo·

187 1876 253 1955 tur,
270 1871 359 1955 quod
376 1871 587 1936 simillimum
604 1870 775 1957 epilogum
789 1870 1021 1956 Cyropaodiao
1032 1871 1226 1957 Xenophon
1244 1871 1370 1939 eodem

192 1978 333 2042 consilio
357 1977 505 2061 addidit,
537 1984 576 2042 ut
599 1976 640 2042 ab
665 1999 779 2041 eorum
808 1976 1070 2062 reprohensione
1095 2001 1130 2042 se
1154 1977 1370 2066 defenderet,
1427 2021 1430 2027 ·

189 2084 248 2168 qui
271 2107 381 2149 moros
404 2085 585 2149 Persarum
607 2082 1018 2169 Lacedaemoniorumque
1041 2108 1112 2150 non
1136 2108 1177 2150 ox
1199 2108 1282 2152 voro
1309 2088 1372 2153 do·

190 2191 332 2276 scriptos
358 2191 389 2255 ei
412 2193 498 2257 vitio
524 2192 636 2256 daturi
661 2198 783 2256 essent.
823 2191 942 2275 Itaque
974 2215 1050 2256 cum
1073 2193 1236 2278 temporis
1262 2193 1369 2260 docu-

187 2304 313 2382 menta,
331 2321 416 2383 quae
434 2300 471 2363 in
488 2322 526 2364 oo
544 2300 655 2387 capito
672 2300 801 2382 insunt,
818 2299 946 2385 optimo
962 2299 999 2362 in
1014 2298 1257 2386 Xenophontis
1273 2307 1369 2368 aota-
1451 2294 1457 2329 '¹

186 2410 257 2469 tom
282 2406 457 2490 quadrent,
482 2429 551 2471 non
569 2406 696 2490 dubit0,
722 2407 804 2491 quin
827 2411 920 2469 totus
943 2405 1079 2470 libellus
1096 2429 1115 2470 a
1130 2406 1370 2493 Xenophonte

188 2512 393 2597 compositus
418 2514 464 2577 sit
486 2520 587 2599 atque
612 2512 654 2577 ad
678 2536 751 2577 eam
775 2512 1008 2597 quaestionem
1031 2517 1176 2597 transeo,
1201 2535 1288 2598 quae
1316 2523 1372 2583 est

187 2618 229 2683 do
264 2626 431 2705 tompore,
467 2642 532 2705 quo
567 2620 773 2707 Respublica
795 2618 1142 2685 Lacedaemoniorum
1177 2623 1372 2707 composita

187 2726 254 2792 sit.¹
289 2726 406 2811 Atque
430 2726 472 2791 do
496 2727 559 2791 hac
583 2727 720 2812 quidem
748 2751 784 2792 ro
813 2733 908 2792 tanta
943 2727 1034 2791 inter
1067 2727 1221 2792 hominos
1245 2727 1370 2797 doctos

187 2832 355 2898 dissensio
380 2833 462 2918 fuit,
498 2841 537 2898 ut
571 2856 640 2899 non
663 2835 762 2900 modo
785 2833 979 2899 Boochhius
1002 2833 1369 2923 Wachsmuthiusquo,

186 2940 968 3025 quiAtheniensiumLacedaemoniorumque
994 2941 1219 3027 Respublioas
1254 2965 1369 3010 unum

185 3069 270 3133 opus
307 3071 380 3113 esse
414 3049 607 3132 voluerunt,
641 3049 733 3114 hunc
766 3048 892 3112 librum
926 3054 1005 3113 ante
1040 3071 1069 3113 a.
1097 3048 1164 3112 424
1198 3049 1371 3135 seriptum

186 3161 374 3239 conserent,
400 3154 586 3221 sedetiam
610 3179 651 3220 ex
667 3157 720 3239 iis,
745 3156 804 3239 qui
816 3156 1041 3242 Xenophonti
1057 3178 1134 3220 eum
1158 3155 1367 3243 tribuerunt,
1435 3158 1442 3183 '

121 3327 124 3332 .
185 3261 382 3328 Onohonius
407 3263 627 3342 (Staatslohro
651 3262 683 3327 d.
706 3262 849 3327 Aristot.
873 3259 992 3346 1237)
1017 3284 1093 3326 oum
1117 3269 1298 3347 antequam
1324 3266 1370 3331 ad

185 3369 313 3453 Cyrum
343 3370 401 3434 ille
424 3369 695 3456 proficisceretur
723 3369 887 3455 scriptum
923 3391 996 3434 0110
1031 3368 1097 3433 sibi
1130 3369 1367 3455 persuaderet.

185 3475 310 3560 Quom,
335 3499 412 3541 cum
435 3477 677 3564 Xenophontis
712 3476 821 3541 vitam
856 3483 890 3541 et
923 3498 1032 3561 genus
1067 3475 1204 3541 dicendi
1239 3478 1370 3546 molius

186 3589 402 3669 perspectum
428 3584 626 3664 habeamus,
652 3582 794 3648 refutari
818 3584 886 3648 iam
902 3606 972 3648 non
988 3590 1128 3670 oportet.
1161 3584 1249 3648 Nam
1266 3606 1369 3670 prae-

182 3695 338 3774 terquam
374 3691 466 3775 quod
500 3692 695 3778 Xenophon
730 3691 788 3755 illo
829 3697 981 3777 tompore
1016 3691 1373 3772 Lacedaemoniorum,

184 3818 294 3861 mores
330 3797 482 3862 nondum
524 3799 701 3885 cognovit,
748 3803 850 3881 atquo
897 3798 1031 3862 iuvenis
1067 3796 1248 3862 admodum
1284 3797 1369 3888 fuit,

182 3904 428 3990 particularum
485 3928 565 3970 usus
621 3907 712 3971 hunc
761 3904 885 3969 librum
933 3895 1176 3991 posterioribus
1223 3906 1369 3993 scriptis

182 4011 476 4077 adnumerandum
501 4035 573 4076 esso
598 4011 704 4077 docet.
751 4012 819 4076 Sed
842 4012 880 4076 in
903 4011 977 4098 ipso
1003 4035 1134 4098 quoquo
1158 4012 1244 4079 libro
1270 4020 1370 4081 corta

182 4120 344 4206 temporis
379 4119 580 4184 testimonia
615 4119 930 4206 deprehenduntur,
967 4118 1089 4204 quibus
1124 4120 1261 4185 illorum
1286 4143 1369 4188 son-

182 4227 290 4290 tontia
314 4226 547 4313 redarguatur.
599 4226 755 4313 Apparet
790 4227 895 4311 onim,
931 4226 1088 4320 Spartam
1124 4249 1162 4292 eo
1196 4233 1366 4315 temporo,

72 4415 75 4422 Ι
183 4355 247 4417 quo
286 4333 480 4419 Xenophon
526 4334 653 4398 librum
693 4333 845 4418 scripsit,
892 4335 1046 4420 potentia
1092 4333 1369 4421 auctoritateque
