<?xml version="1.0" encoding="UTF-8"?>
<!DOCTYPE html PUBLIC "-//W3C//DTD XHTML 1.0 Transitional//EN"
    "http://www.w3.org/TR/xhtml1/DTD/xhtml1-transitional.dtd">
<html xmlns="http://www.w3.org/1999/xhtml" xml:lang="en" lang="en">
 <head>
  <title>
</title>
<meta http-equiv="Content-Type" content="text/html;charset=utf-8" />
  <meta name='ocr-system' content='tesseract 3.04.00' />
  <meta name='ocr-capabilities' content='ocr_page ocr_carea ocr_par ocr_line ocrx_word'/>
</head>
<body>
  <div class='ocr_page' id='page_1' title='image "./dexenophontisvi00roqugoog_0105.png"; bbox 0 0 2932 4874; ppageno 0'>
   <div class='ocr_carea' id='block_1_1' title="bbox 634 176 854 240">
    <p class='ocr_par' dir='ltr' id='par_1_1' title="bbox 634 176 854 240">
     <span class='ocr_line' id='line_1_1' title="bbox 634 176 854 240; baseline 0 -19"><span class='ocrx_word' id='word_1_1' title='bbox 634 176 854 240; x_wconf 73' lang='lat'>..92-</span> 
     </span>
    </p>
   </div>
   <div class='ocr_carea' id='block_1_2' title="bbox 108 353 1344 3983">
    <p class='ocr_par' dir='ltr' id='par_1_2' title="bbox 108 353 1344 3983">
     <span class='ocr_line' id='line_1_2' title="bbox 158 353 1342 440; baseline 0.001 -21"><span class='ocrx_word' id='word_1_2' title='bbox 158 353 262 419; x_wconf 88' lang='lat' dir='ltr'>nullis</span> <span class='ocrx_word' id='word_1_3' title='bbox 274 353 350 419; x_wconf 88' lang='lat' dir='ltr'>aliis</span> <span class='ocrx_word' id='word_1_4' title='bbox 364 355 585 440; x_wconf 88' lang='lat' dir='ltr'>argumentis,</span> <span class='ocrx_word' id='word_1_5' title='bbox 610 376 711 439; x_wconf 93' lang='lat' dir='ltr'>quam</span> <span class='ocrx_word' id='word_1_6' title='bbox 735 377 820 439; x_wconf 87' lang='lat' dir='ltr'>quae</span> <span class='ocrx_word' id='word_1_7' title='bbox 837 355 1015 440; x_wconf 85' lang='lat' dir='ltr'>Hagenius</span> <span class='ocrx_word' id='word_1_8' title='bbox 1040 355 1209 438; x_wconf 83' lang='lat' dir='ltr'>attulerat,</span> <span class='ocrx_word' id='word_1_9' title='bbox 1236 355 1342 420; x_wconf 87' lang='lat' dir='ltr'>nisus</span> 
     </span>
     <span class='ocr_line' id='line_1_3' title="bbox 157 459 1342 549; baseline 0.002 -23"><span class='ocrx_word' id='word_1_10' title='bbox 157 459 281 526; x_wconf 92' lang='lat' dir='ltr'>librum</span> <span class='ocrx_word' id='word_1_11' title='bbox 294 468 371 548; x_wconf 90' lang='lat' dir='ltr'>post</span> <span class='ocrx_word' id='word_1_12' title='bbox 382 484 501 548; x_wconf 89' lang='lat' dir='ltr'>paoem</span> <span class='ocrx_word' id='word_1_13' title='bbox 512 461 763 526; x_wconf 88' lang='lat' dir='ltr'>Philocrateam</span> <span class='ocrx_word' id='word_1_14' title='bbox 776 461 914 547; x_wconf 88' lang='lat' dir='ltr'>quidem</span> <span class='ocrx_word' id='word_1_15' title='bbox 924 462 1055 546; x_wconf 88' lang='lat' dir='ltr'>initam,</span> <span class='ocrx_word' id='word_1_16' title='bbox 1074 461 1133 527; x_wconf 89' lang='lat' dir='ltr'>sed</span> <span class='ocrx_word' id='word_1_17' title='bbox 1149 469 1342 549; x_wconf 77' lang='lat' dir='ltr'><strong>antequam</strong></span> 
     </span>
     <span class='ocr_line' id='line_1_4' title="bbox 157 567 1342 656; baseline 0.003 -23"><span class='ocrx_word' id='word_1_18' title='bbox 157 568 284 633; x_wconf 87' lang='lat' dir='ltr'>bollum</span> <span class='ocrx_word' id='word_1_19' title='bbox 297 591 428 633; x_wconf 88' lang='lat' dir='ltr'>sacrum</span> <span class='ocrx_word' id='word_1_20' title='bbox 442 567 664 634; x_wconf 88' lang='lat' dir='ltr'>conficeretur</span> <span class='ocrx_word' id='word_1_21' title='bbox 676 592 704 633; x_wconf 90' lang='lat' dir='ltr'>a.</span> <span class='ocrx_word' id='word_1_22' title='bbox 719 570 784 633; x_wconf 87' lang='grc'>346</span> <span class='ocrx_word' id='word_1_23' title='bbox 798 569 1022 656; x_wconf 88' lang='lat' dir='ltr'>compositum</span> <span class='ocrx_word' id='word_1_24' title='bbox 1038 568 1124 634; x_wconf 92' lang='lat' dir='ltr'>dicit</span> <span class='ocrx_word' id='word_1_25' title='bbox 1139 569 1229 635; x_wconf 84' lang='lat' dir='ltr'><strong>Phil.</strong></span> <span class='ocrx_word' id='word_1_26' title='bbox 1248 571 1342 636; x_wconf 90' lang='lat' dir='ltr'>XLI</span> 
     </span>
     <span class='ocr_line' id='line_1_5' title="bbox 128 672 1342 763; baseline 0 -21"><span class='ocrx_word' id='word_1_27' title='bbox 128 732 130 744; x_wconf 92' lang='lat'>.</span> <span class='ocrx_word' id='word_1_28' title='bbox 158 672 249 759; x_wconf 86' lang='grc'>224).</span> <span class='ocrx_word' id='word_1_29' title='bbox 275 676 385 754; x_wconf 82' lang='lat' dir='ltr'>Quare</span> <span class='ocrx_word' id='word_1_30' title='bbox 396 676 546 760; x_wconf 88' lang='lat' dir='ltr'>Hagenii</span> <span class='ocrx_word' id='word_1_31' title='bbox 558 682 758 761; x_wconf 88' lang='lat' dir='ltr'>argumenta</span> <span class='ocrx_word' id='word_1_32' title='bbox 769 699 968 763; x_wconf 82' lang='lat' dir='ltr'>percensere</span> <span class='ocrx_word' id='word_1_33' title='bbox 981 682 1082 761; x_wconf 90' lang='lat' dir='ltr'>atque</span> <span class='ocrx_word' id='word_1_34' title='bbox 1096 677 1231 762; x_wconf 86' lang='lat' dir='ltr'>singula</span> <span class='ocrx_word' id='word_1_35' title='bbox 1242 677 1342 743; x_wconf 84' lang='lat' dir='ltr'>refu-</span> 
     </span>
     <span class='ocr_line' id='line_1_6' title="bbox 160 783 1343 871; baseline 0.003 -24"><span class='ocrx_word' id='word_1_36' title='bbox 160 789 232 847; x_wconf 86' lang='lat' dir='ltr'>tare</span> <span class='ocrx_word' id='word_1_37' title='bbox 246 806 265 847; x_wconf 92' lang='grc'>1</span> <span class='ocrx_word' id='word_1_38' title='bbox 277 805 312 847; x_wconf 89' lang='lat' dir='ltr'>re</span> <span class='ocrx_word' id='word_1_39' title='bbox 325 783 499 870; x_wconf 80' lang='lat' dir='ltr'>preposita</span> <span class='ocrx_word' id='word_1_40' title='bbox 511 805 581 848; x_wconf 92' lang='lat' dir='ltr'>non</span> <span class='ocrx_word' id='word_1_41' title='bbox 594 783 742 848; x_wconf 88' lang='lat' dir='ltr'>alienum</span> <span class='ocrx_word' id='word_1_42' title='bbox 755 783 849 849; x_wconf 90' lang='lat' dir='ltr'>duco.</span> <span class='ocrx_word' id='word_1_43' title='bbox 881 784 944 849; x_wconf 84' lang='lat' dir='ltr'>llle</span> <span class='ocrx_word' id='word_1_44' title='bbox 957 784 1048 849; x_wconf 88' lang='grc'>6111111</span> <span class='ocrx_word' id='word_1_45' title='bbox 1061 784 1203 849; x_wconf 87' lang='lat' dir='ltr'>eandem</span> <span class='ocrx_word' id='word_1_46' title='bbox 1214 808 1343 871; x_wconf 91' lang='lat' dir='ltr'>pacem</span> 
     </span>
     <span class='ocr_line' id='line_1_7' title="bbox 157 890 1343 977; baseline 0.002 -21"><span class='ocrx_word' id='word_1_47' title='bbox 157 890 207 956; x_wconf 79' lang='lat' dir='ltr'>IV</span> <span class='ocrx_word' id='word_1_48' title='bbox 222 891 267 955; x_wconf 89' lang='lat'>40</span> <span class='ocrx_word' id='word_1_49' title='bbox 291 896 325 955; x_wconf 90' lang='lat' dir='ltr'>et</span> <span class='ocrx_word' id='word_1_50' title='bbox 340 892 373 957; x_wconf 91' lang='lat' dir='ltr'><strong>V</strong></span> <span class='ocrx_word' id='word_1_51' title='bbox 392 890 432 954; x_wconf 97' lang='grc'>12</span> <span class='ocrx_word' id='word_1_52' title='bbox 456 892 710 956; x_wconf 88' lang='lat' dir='ltr'>commemorari</span> <span class='ocrx_word' id='word_1_53' title='bbox 734 914 873 977; x_wconf 78' lang='lat' dir='ltr'>negano,</span> <span class='ocrx_word' id='word_1_54' title='bbox 897 891 947 956; x_wconf 87' lang='lat' dir='ltr'>IV</span> <span class='ocrx_word' id='word_1_55' title='bbox 961 892 1007 955; x_wconf 98' lang='grc'>40</span> <span class='ocrx_word' id='word_1_56' title='bbox 1024 914 1107 976; x_wconf 80' lang='lat' dir='ltr'>eam,</span> <span class='ocrx_word' id='word_1_57' title='bbox 1125 914 1191 977; x_wconf 90' lang='lat' dir='ltr'>qua</span> <span class='ocrx_word' id='word_1_58' title='bbox 1205 892 1343 958; x_wconf 88' lang='lat' dir='ltr'>bellum</span> 
     </span>
     <span class='ocr_line' id='line_1_8' title="bbox 158 996 1342 1083; baseline 0.003 -21"><span class='ocrx_word' id='word_1_59' title='bbox 158 997 281 1062; x_wconf 88' lang='lat' dir='ltr'>sociale</span> <span class='ocrx_word' id='word_1_60' title='bbox 305 1020 334 1062; x_wconf 89' lang='lat' dir='ltr'>a.</span> <span class='ocrx_word' id='word_1_61' title='bbox 359 998 424 1061; x_wconf 80' lang='lat'>355</span> <span class='ocrx_word' id='word_1_62' title='bbox 448 996 641 1062; x_wconf 89' lang='lat' dir='ltr'>confectum</span> <span class='ocrx_word' id='word_1_63' title='bbox 665 1004 731 1082; x_wconf 81' lang='lat' dir='ltr'>est,</span> <span class='ocrx_word' id='word_1_64' title='bbox 755 1001 787 1065; x_wconf 99' lang='lat' dir='ltr'>V</span> <span class='ocrx_word' id='word_1_65' title='bbox 813 1000 853 1064; x_wconf 90' lang='grc'>12</span> <span class='ocrx_word' id='word_1_66' title='bbox 878 1021 962 1083; x_wconf 85' lang='lat' dir='ltr'>eam,</span> <span class='ocrx_word' id='word_1_67' title='bbox 987 1021 1071 1083; x_wconf 90' lang='lat' dir='ltr'>quae</span> <span class='ocrx_word' id='word_1_68' title='bbox 1097 1021 1116 1063; x_wconf 89' lang='lat' dir='ltr'>a</span> <span class='ocrx_word' id='word_1_69' title='bbox 1138 998 1342 1065; x_wconf 70' lang='lat' dir='ltr'>Philocrate</span> 
     </span>
     <span class='ocr_line' id='line_1_9' title="bbox 157 1104 1343 1192; baseline 0.002 -23"><span class='ocrx_word' id='word_1_70' title='bbox 157 1126 283 1170; x_wconf 89' lang='lat' dir='ltr'>nomen</span> <span class='ocrx_word' id='word_1_71' title='bbox 307 1104 397 1188; x_wconf 82' lang='lat' dir='ltr'>tulit,</span> <span class='ocrx_word' id='word_1_72' title='bbox 433 1127 461 1169; x_wconf 87' lang='lat' dir='ltr'>a.</span> <span class='ocrx_word' id='word_1_73' title='bbox 493 1105 557 1169; x_wconf 84' lang='grc'>346</span> <span class='ocrx_word' id='word_1_74' title='bbox 592 1105 714 1170; x_wconf 85' lang='lat' dir='ltr'>initam</span> <span class='ocrx_word' id='word_1_75' title='bbox 750 1107 959 1171; x_wconf 77' lang='lat' dir='ltr'>intellectam</span> <span class='ocrx_word' id='word_1_76' title='bbox 987 1107 1063 1171; x_wconf 90' lang='lat' dir='ltr'>vult</span> <span class='ocrx_word' id='word_1_77' title='bbox 1092 1112 1126 1170; x_wconf 89' lang='lat' dir='ltr'>et</span> <span class='ocrx_word' id='word_1_78' title='bbox 1152 1114 1343 1192; x_wconf 75' lang='lat' dir='ltr'>postquam</span> 
     </span>
     <span class='ocr_line' id='line_1_10' title="bbox 158 1203 1344 1299; baseline 0.002 -22"><span class='ocrx_word' id='word_1_79' title='bbox 158 1212 241 1277; x_wconf 89' lang='lat' dir='ltr'>haec</span> <span class='ocrx_word' id='word_1_80' title='bbox 252 1217 352 1299; x_wconf 92' lang='lat' dir='ltr'>pacta</span> <span class='ocrx_word' id='word_1_81' title='bbox 365 1217 455 1276; x_wconf 89' lang='lat' dir='ltr'>esset</span> <span class='ocrx_word' id='word_1_82' title='bbox 467 1218 617 1278; x_wconf 87' lang='lat' dir='ltr'>extremo</span> <span class='ocrx_word' id='word_1_83' title='bbox 630 1235 747 1278; x_wconf 87' lang='lat' dir='ltr'>mense</span> <span class='ocrx_word' id='word_1_84' title='bbox 756 1212 1017 1299; x_wconf 84' lang='lat' dir='ltr'>Scirophorione</span> <span class='ocrx_word' id='word_1_85' title='bbox 1029 1203 1155 1278; x_wconf 86' lang='lat' dir='ltr'>librum</span> <span class='ocrx_word' id='word_1_86' title='bbox 1168 1213 1344 1299; x_wconf 87' lang='lat' dir='ltr'>scriptum</span> 
     </span>
     <span class='ocr_line' id='line_1_11' title="bbox 159 1317 1342 1406; baseline 0.003 -22"><span class='ocrx_word' id='word_1_87' title='bbox 159 1318 252 1385; x_wconf 89' lang='lat' dir='ltr'>dicit.</span> <span class='ocrx_word' id='word_1_88' title='bbox 295 1317 393 1396; x_wconf 74' lang='lat' dir='ltr'>Quod</span> <span class='ocrx_word' id='word_1_89' title='bbox 407 1325 446 1383; x_wconf 93' lang='lat' dir='ltr'>ut</span> <span class='ocrx_word' id='word_1_90' title='bbox 462 1317 528 1384; x_wconf 90' lang='lat' dir='ltr'>sibi</span> <span class='ocrx_word' id='word_1_91' title='bbox 544 1319 773 1406; x_wconf 83' lang='lat' dir='ltr'>persuaderet⁷</span> <span class='ocrx_word' id='word_1_92' title='bbox 798 1319 852 1384; x_wconf 89' lang='lat' dir='ltr'>his</span> <span class='ocrx_word' id='word_1_93' title='bbox 873 1319 944 1384; x_wconf 84' lang='lat' dir='ltr'>fere</span> <span class='ocrx_word' id='word_1_94' title='bbox 960 1320 1148 1385; x_wconf 88' lang='lat' dir='ltr'>rationibus</span> <span class='ocrx_word' id='word_1_95' title='bbox 1165 1319 1342 1387; x_wconf 88' lang='lat' dir='ltr'>adductus</span> 
     </span>
     <span class='ocr_line' id='line_1_12' title="bbox 159 1427 1341 1515; baseline 0.001 -23"><span class='ocrx_word' id='word_1_96' title='bbox 159 1432 220 1492; x_wconf 89' lang='lat' dir='ltr'>est.</span> <span class='ocrx_word' id='word_1_97' title='bbox 257 1427 421 1492; x_wconf 65' lang='lat' dir='ltr'>‘Primum</span> <span class='ocrx_word' id='word_1_98' title='bbox 450 1427 542 1492; x_wconf 89' lang='lat' dir='ltr'>enim</span> <span class='ocrx_word' id='word_1_99' title='bbox 565 1428 598 1493; x_wconf 89' lang='lat' dir='ltr'>V</span> <span class='ocrx_word' id='word_1_100' title='bbox 624 1427 664 1490; x_wconf 90' lang='grc'>12</span> <span class='ocrx_word' id='word_1_101' title='bbox 693 1449 809 1513; x_wconf 87' lang='lat' dir='ltr'>pacem</span> <span class='ocrx_word' id='word_1_102' title='bbox 834 1427 1061 1512; x_wconf 86' lang='lat' dir='ltr'>significatam</span> <span class='ocrx_word' id='word_1_103' title='bbox 1086 1450 1158 1492; x_wconf 86' lang='lat' dir='ltr'>esse</span> <span class='ocrx_word' id='word_1_104' title='bbox 1182 1436 1341 1515; x_wconf 81' lang='lat' dir='ltr'>apparet,</span> 
     </span>
     <span class='ocr_line' id='line_1_13' title="bbox 165 1535 1343 1620; baseline 0.002 -21"><span class='ocrx_word' id='word_1_105' title='bbox 165 1557 231 1620; x_wconf 90' lang='lat' dir='ltr'>qua</span> <span class='ocrx_word' id='word_1_106' title='bbox 246 1556 339 1600; x_wconf 89' lang='lat' dir='ltr'>mare</span> <span class='ocrx_word' id='word_1_107' title='bbox 355 1539 512 1619; x_wconf 88' lang='lat' dir='ltr'>pacatum</span> <span class='ocrx_word' id='word_1_108' title='bbox 529 1540 594 1617; x_wconf 87' lang='lat' dir='ltr'>est;</span> <span class='ocrx_word' id='word_1_109' title='bbox 611 1535 662 1601; x_wconf 87' lang='lat' dir='ltr'>IV</span> <span class='ocrx_word' id='word_1_110' title='bbox 674 1535 719 1599; x_wconf 87' lang='grc'>40</span> <span class='ocrx_word' id='word_1_111' title='bbox 734 1556 815 1599; x_wconf 81' lang='lat' dir='ltr'>vero</span> <span class='ocrx_word' id='word_1_112' title='bbox 833 1535 1012 1620; x_wconf 89' lang='lat' dir='ltr'>Hagenius</span> <span class='ocrx_word' id='word_1_113' title='bbox 1029 1535 1157 1600; x_wconf 89' lang='lat' dir='ltr'>bellum</span> <span class='ocrx_word' id='word_1_114' title='bbox 1173 1540 1343 1601; x_wconf 88' lang='lat' dir='ltr'>terrestre</span> 
     </span>
     <span class='ocr_line' id='line_1_14' title="bbox 158 1640 1343 1727; baseline 0.001 -20"><span class='ocrx_word' id='word_1_115' title='bbox 158 1643 215 1708; x_wconf 83' lang='lat' dir='ltr'>vel</span> <span class='ocrx_word' id='word_1_116' title='bbox 236 1641 365 1707; x_wconf 90' lang='lat' dir='ltr'>bellum</span> <span class='ocrx_word' id='word_1_117' title='bbox 389 1640 480 1727; x_wconf 92' lang='lat' dir='ltr'>quod</span> <span class='ocrx_word' id='word_1_118' title='bbox 502 1648 592 1706; x_wconf 89' lang='lat' dir='ltr'>terra</span> <span class='ocrx_word' id='word_1_119' title='bbox 616 1641 767 1727; x_wconf 87' lang='lat' dir='ltr'>marique</span> <span class='ocrx_word' id='word_1_120' title='bbox 791 1648 926 1726; x_wconf 87' lang='lat' dir='ltr'>gestum</span> <span class='ocrx_word' id='word_1_121' title='bbox 951 1642 1010 1725; x_wconf 85' lang='lat' dir='ltr'>sit,</span> <span class='ocrx_word' id='word_1_122' title='bbox 1047 1640 1240 1706; x_wconf 80' lang='lat' dir='ltr'>confectum</span> <span class='ocrx_word' id='word_1_123' title='bbox 1266 1641 1343 1708; x_wconf 90' lang='lat' dir='ltr'>dici</span> 
     </span>
     <span class='ocr_line' id='line_1_15' title="bbox 157 1747 1343 1837; baseline 0.001 -23"><span class='ocrx_word' id='word_1_124' title='bbox 157 1755 265 1837; x_wconf 87' lang='lat' dir='ltr'>putat,</span> <span class='ocrx_word' id='word_1_125' title='bbox 291 1771 367 1814; x_wconf 89' lang='lat' dir='ltr'>cum</span> <span class='ocrx_word' id='word_1_126' title='bbox 390 1770 474 1834; x_wconf 88' lang='lat' dir='ltr'>quos</span> <span class='ocrx_word' id='word_1_127' title='bbox 499 1753 678 1834; x_wconf 87' lang='lat' dir='ltr'>apparatus</span> <span class='ocrx_word' id='word_1_128' title='bbox 703 1749 847 1835; x_wconf 73' lang='lat' dir='ltr'>scriptor</span> <span class='ocrx_word' id='word_1_129' title='bbox 871 1747 914 1813; x_wconf 89' lang='lat' dir='ltr'>ad</span> <span class='ocrx_word' id='word_1_130' title='bbox 938 1747 1052 1813; x_wconf 83' lang='lat' dir='ltr'>futura</span> <span class='ocrx_word' id='word_1_131' title='bbox 1075 1748 1165 1814; x_wconf 90' lang='lat' dir='ltr'>bella</span> <span class='ocrx_word' id='word_1_132' title='bbox 1185 1748 1343 1815; x_wconf 85' lang='lat' dir='ltr'>feliciter</span> 
     </span>
     <span class='ocr_line' id='line_1_16' title="bbox 157 1853 1343 1943; baseline 0.002 -22"><span class='ocrx_word' id='word_1_133' title='bbox 157 1853 308 1943; x_wconf 86' lang='lat' dir='ltr'>gerenda</span> <span class='ocrx_word' id='word_1_134' title='bbox 338 1855 553 1921; x_wconf 81' lang='lat' dir='ltr'>commendat</span> <span class='ocrx_word' id='word_1_135' title='bbox 579 1856 630 1921; x_wconf 88' lang='lat' dir='ltr'>IV</span> <span class='ocrx_word' id='word_1_136' title='bbox 652 1856 808 1939; x_wconf 89' lang='grc'>42-48,</span> <span class='ocrx_word' id='word_1_137' title='bbox 845 1855 870 1920; x_wconf 90' lang='grc'>11</span> <span class='ocrx_word' id='word_1_138' title='bbox 898 1855 1026 1922; x_wconf 89' lang='lat' dir='ltr'>bellum</span> <span class='ocrx_word' id='word_1_139' title='bbox 1053 1862 1226 1941; x_wconf 80' lang='lat' dir='ltr'>terrestre,</span> <span class='ocrx_word' id='word_1_140' title='bbox 1264 1880 1343 1923; x_wconf 93' lang='lat' dir='ltr'>non</span> 
     </span>
     <span class='ocr_line' id='line_1_17' title="bbox 157 1962 1339 2051; baseline 0 -22"><span class='ocrx_word' id='word_1_141' title='bbox 157 1964 279 2029; x_wconf 90' lang='lat' dir='ltr'>navale</span> <span class='ocrx_word' id='word_1_142' title='bbox 302 1963 497 2050; x_wconf 86' lang='lat' dir='ltr'>respiciant.</span> <span class='ocrx_word' id='word_1_143' title='bbox 532 1963 605 2040; x_wconf 78' lang='lat' dir='ltr'>Qua</span> <span class='ocrx_word' id='word_1_144' title='bbox 629 1962 666 2026; x_wconf 92' lang='lat' dir='ltr'>in</span> <span class='ocrx_word' id='word_1_145' title='bbox 689 1985 725 2027; x_wconf 89' lang='grc'>16</span> <span class='ocrx_word' id='word_1_146' title='bbox 749 1985 885 2048; x_wconf 87' lang='lat' dir='ltr'>prorsus</span> <span class='ocrx_word' id='word_1_147' title='bbox 901 1963 959 2028; x_wconf 89' lang='lat' dir='ltr'>ille</span> <span class='ocrx_word' id='word_1_148' title='bbox 975 1963 1167 2048; x_wconf 84' lang='lat' dir='ltr'>neglexisse</span> <span class='ocrx_word' id='word_1_149' title='bbox 1183 1963 1339 2051; x_wconf 84' lang='lat' dir='ltr'>videtur,</span> 
     </span>
     <span class='ocr_line' id='line_1_18' title="bbox 158 2061 1340 2156; baseline -0.003 -20"><span class='ocrx_word' id='word_1_150' title='bbox 158 2070 248 2156; x_wconf 91' lang='lat' dir='ltr'>quod</span> <span class='ocrx_word' id='word_1_151' title='bbox 264 2072 283 2150; x_wconf 66' lang='grc' dir='ltr'>ξ</span> <span class='ocrx_word' id='word_1_152' title='bbox 299 2071 342 2135; x_wconf 84' lang='grc'>42</span> <span class='ocrx_word' id='word_1_153' title='bbox 359 2076 475 2135; x_wconf 87' lang='lat' dir='ltr'>auctor</span> <span class='ocrx_word' id='word_1_154' title='bbox 490 2068 588 2134; x_wconf 91' lang='lat' dir='ltr'>dicit:</span> <span class='ocrx_word' id='word_1_155' title='bbox 617 2061 747 2143; x_wconf 75' lang='grc' dir='ltr'><em>πολλὰς</em></span> <span class='ocrx_word' id='word_1_156' title='bbox 769 2063 828 2147; x_wconf 81' lang='grc' dir='ltr'>μὲν</span> <span class='ocrx_word' id='word_1_157' title='bbox 851 2061 912 2152; x_wconf 72' lang='grc' dir='ltr'>γὰρ</span> <span class='ocrx_word' id='word_1_158' title='bbox 935 2069 1011 2143; x_wconf 77' lang='grc' dir='ltr'><em>νοῦς</em></span> <span class='ocrx_word' id='word_1_159' title='bbox 1031 2066 1179 2155; x_wconf 76' lang='grc' dir='ltr'><em>πληροῦν</em></span> <span class='ocrx_word' id='word_1_160' title='bbox 1197 2066 1340 2153; x_wconf 81' lang='grc' dir='ltr'><em>[πολλοὶ</em></span> 
     </span>
     <span class='ocr_line' id='line_1_19' title="bbox 158 2165 1342 2263; baseline 0.006 -25"><span class='ocrx_word' id='word_1_161' title='bbox 158 2166 347 2263; x_wconf 68' lang='grc' dir='ltr'><em>ἅνθρωποι]</em></span> <span class='ocrx_word' id='word_1_162' title='bbox 384 2169 491 2238; x_wconf 71' lang='grc' dir='ltr'><em>ἱκανοὶ</em></span> <span class='ocrx_word' id='word_1_163' title='bbox 527 2165 567 2237; x_wconf 72' lang='lat' dir='ltr'>dv</span> <span class='ocrx_word' id='word_1_164' title='bbox 599 2165 662 2238; x_wconf 78' lang='lat' dir='ltr'>elev</span> <span class='ocrx_word' id='word_1_165' title='bbox 696 2170 855 2261; x_wconf 72' lang='grc' dir='ltr'><em>δημοσίᾳ·</em></span> <span class='ocrx_word' id='word_1_166' title='bbox 896 2177 1018 2262; x_wconf 92' lang='lat' dir='ltr'>quibus</span> <span class='ocrx_word' id='word_1_167' title='bbox 1058 2178 1172 2243; x_wconf 89' lang='lat' dir='ltr'>verbis</span> <span class='ocrx_word' id='word_1_168' title='bbox 1206 2177 1342 2245; x_wconf 90' lang='lat' dir='ltr'>bellum</span> 
     </span>
     <span class='ocr_line' id='line_1_20' title="bbox 157 2282 1343 2372; baseline 0.003 -22"><span class='ocrx_word' id='word_1_169' title='bbox 157 2285 367 2350; x_wconf 90' lang='lat' dir='ltr'>maritimum</span> <span class='ocrx_word' id='word_1_170' title='bbox 401 2284 526 2372; x_wconf 86' lang='lat' dir='ltr'>respici</span> <span class='ocrx_word' id='word_1_171' title='bbox 562 2306 662 2349; x_wconf 89' lang='lat' dir='ltr'>nemo</span> <span class='ocrx_word' id='word_1_172' title='bbox 697 2282 849 2370; x_wconf 83' lang='lat' dir='ltr'>negabit.</span> <span class='ocrx_word' id='word_1_173' title='bbox 896 2285 1014 2370; x_wconf 89' lang='lat' dir='ltr'>Neque</span> <span class='ocrx_word' id='word_1_174' title='bbox 1048 2308 1089 2349; x_wconf 88' lang='lat' dir='ltr'>ex</span> <span class='ocrx_word' id='word_1_175' title='bbox 1117 2307 1156 2350; x_wconf 90' lang='lat' dir='ltr'>ea</span> <span class='ocrx_word' id='word_1_176' title='bbox 1182 2308 1219 2349; x_wconf 91' lang='lat' dir='ltr'>re</span> <span class='ocrx_word' id='word_1_177' title='bbox 1243 2287 1343 2371; x_wconf 90' lang='lat' dir='ltr'>quod</span> 
     </span>
     <span class='ocr_line' id='line_1_21' title="bbox 157 2391 1341 2480; baseline 0.002 -23"><span class='ocrx_word' id='word_1_178' title='bbox 157 2393 351 2480; x_wconf 90' lang='lat' dir='ltr'>proximum</span> <span class='ocrx_word' id='word_1_179' title='bbox 385 2391 511 2456; x_wconf 90' lang='lat' dir='ltr'>bellum</span> <span class='ocrx_word' id='word_1_180' title='bbox 546 2397 636 2456; x_wconf 88' lang='lat' dir='ltr'>terra</span> <span class='ocrx_word' id='word_1_181' title='bbox 664 2391 793 2456; x_wconf 88' lang='lat' dir='ltr'>marive</span> <span class='ocrx_word' id='word_1_182' title='bbox 822 2397 958 2478; x_wconf 89' lang='lat' dir='ltr'>gestum</span> <span class='ocrx_word' id='word_1_183' title='bbox 986 2392 1029 2456; x_wconf 88' lang='lat' dir='ltr'>iri</span> <span class='ocrx_word' id='word_1_184' title='bbox 1057 2392 1200 2478; x_wconf 90' lang='lat' dir='ltr'>scriptor</span> <span class='ocrx_word' id='word_1_185' title='bbox 1224 2395 1341 2478; x_wconf 90' lang='lat' dir='ltr'>suspi-</span> 
     </span>
     <span class='ocr_line' id='line_1_22' title="bbox 159 2497 1340 2586; baseline 0 -20"><span class='ocrx_word' id='word_1_186' title='bbox 159 2507 264 2586; x_wconf 84' lang='lat' dir='ltr'>catur,</span> <span class='ocrx_word' id='word_1_187' title='bbox 289 2499 331 2564; x_wconf 91' lang='lat' dir='ltr'>de</span> <span class='ocrx_word' id='word_1_188' title='bbox 355 2522 393 2565; x_wconf 93' lang='lat' dir='ltr'>eo</span> <span class='ocrx_word' id='word_1_189' title='bbox 419 2497 508 2585; x_wconf 90' lang='lat' dir='ltr'>quod</span> <span class='ocrx_word' id='word_1_190' title='bbox 532 2498 725 2564; x_wconf 84' lang='lat' dir='ltr'>confectum</span> <span class='ocrx_word' id='word_1_191' title='bbox 749 2505 801 2564; x_wconf 90' lang='grc'>611</span> <span class='ocrx_word' id='word_1_192' title='bbox 824 2498 912 2564; x_wconf 90' lang='lat' dir='ltr'>bello</span> <span class='ocrx_word' id='word_1_193' title='bbox 929 2499 1094 2564; x_wconf 88' lang='lat' dir='ltr'>iudicium</span> <span class='ocrx_word' id='word_1_194' title='bbox 1110 2498 1194 2564; x_wconf 88' lang='lat' dir='ltr'>ferri</span> <span class='ocrx_word' id='word_1_195' title='bbox 1208 2505 1340 2586; x_wconf 85' lang='lat' dir='ltr'>potest.</span> 
     </span>
     <span class='ocr_line' id='line_1_23' title="bbox 158 2606 1342 2700; baseline -0.001 -26"><span class='ocrx_word' id='word_1_196' title='bbox 158 2607 293 2674; x_wconf 87' lang='lat' dir='ltr'>Deinde</span> <span class='ocrx_word' id='word_1_197' title='bbox 316 2607 349 2674; x_wconf 94' lang='lat' dir='ltr'>V</span> <span class='ocrx_word' id='word_1_198' title='bbox 368 2608 409 2672; x_wconf 90' lang='grc'>12</span> <span class='ocrx_word' id='word_1_199' title='bbox 433 2629 549 2672; x_wconf 88' lang='lat' dir='ltr'>omnes</span> <span class='ocrx_word' id='word_1_200' title='bbox 573 2606 778 2691; x_wconf 89' lang='lat' dir='ltr'>reipublicae</span> <span class='ocrx_word' id='word_1_201' title='bbox 800 2629 879 2693; x_wconf 88' lang='lat' dir='ltr'>opes</span> <span class='ocrx_word' id='word_1_202' title='bbox 900 2606 989 2672; x_wconf 89' lang='lat' dir='ltr'>bello</span> <span class='ocrx_word' id='word_1_203' title='bbox 1010 2607 1199 2691; x_wconf 82' lang='lat' dir='ltr'>exhaustas,</span> <span class='ocrx_word' id='word_1_204' title='bbox 1222 2607 1274 2700; x_wconf 84' lang='lat' dir='ltr'>IV</span> <span class='ocrx_word' id='word_1_205' title='bbox 1290 2608 1342 2673; x_wconf 93' lang='grc'>40</span> 
     </span>
     <span class='ocr_line' id='line_1_24' title="bbox 108 2713 1340 2802; baseline 0 -21"><span class='ocrx_word' id='word_1_206' title='bbox 108 2744 110 2749; x_wconf 96' lang='grc'><strong><em>·</em></strong></span> <span class='ocrx_word' id='word_1_207' title='bbox 160 2739 202 2781; x_wconf 82' lang='grc'>611</span> <span class='ocrx_word' id='word_1_208' title='bbox 225 2714 433 2802; x_wconf 88' lang='lat' dir='ltr'>temporibus</span> <span class='ocrx_word' id='word_1_209' title='bbox 451 2721 631 2799; x_wconf 89' lang='lat' dir='ltr'>antequam</span> <span class='ocrx_word' id='word_1_210' title='bbox 648 2736 714 2800; x_wconf 85' lang='lat' dir='ltr'>pax</span> <span class='ocrx_word' id='word_1_211' title='bbox 730 2715 995 2779; x_wconf 88' lang='lat' dir='ltr'>constitueretur</span> <span class='ocrx_word' id='word_1_212' title='bbox 1010 2713 1141 2799; x_wconf 90' lang='lat' dir='ltr'>aliquid</span> <span class='ocrx_word' id='word_1_213' title='bbox 1157 2737 1340 2802; x_wconf 87' lang='lat' dir='ltr'>superesse</span> 
     </span>
     <span class='ocr_line' id='line_1_25' title="bbox 160 2820 1340 2910; baseline 0.001 -22"><span class='ocrx_word' id='word_1_214' title='bbox 160 2822 365 2910; x_wconf 87' lang='lat' dir='ltr'>ascriptore</span> <span class='ocrx_word' id='word_1_215' title='bbox 397 2821 467 2887; x_wconf 87' lang='lat' dir='ltr'>dici</span> <span class='ocrx_word' id='word_1_216' title='bbox 495 2821 673 2906; x_wconf 91' lang='lat' dir='ltr'>Hagenius</span> <span class='ocrx_word' id='word_1_217' title='bbox 710 2821 901 2900; x_wconf 82' lang='lat' dir='ltr'>contendit3</span> <span class='ocrx_word' id='word_1_218' title='bbox 939 2820 999 2886; x_wconf 89' lang='lat' dir='ltr'>sed</span> <span class='ocrx_word' id='word_1_219' title='bbox 1035 2844 1212 2908; x_wconf 88' lang='lat' dir='ltr'>perperam</span> <span class='ocrx_word' id='word_1_220' title='bbox 1247 2845 1340 2907; x_wconf 89' lang='lat' dir='ltr'>quae</span> 
     </span>
     <span class='ocr_line' id='line_1_26' title="bbox 159 2929 1339 3016; baseline -0.003 -19"><span class='ocrx_word' id='word_1_221' title='bbox 159 2931 209 2997; x_wconf 79' lang='lat' dir='ltr'>IV</span> <span class='ocrx_word' id='word_1_222' title='bbox 221 2931 266 2995; x_wconf 87' lang='grc'>40</span> <span class='ocrx_word' id='word_1_223' title='bbox 288 2932 450 3015; x_wconf 89' lang='lat' dir='ltr'>leguntur</span> <span class='ocrx_word' id='word_1_224' title='bbox 473 2929 717 3015; x_wconf 88' lang='lat' dir='ltr'>interpretatus</span> <span class='ocrx_word' id='word_1_225' title='bbox 739 2936 804 2993; x_wconf 88' lang='lat' dir='ltr'>est:</span> <span class='ocrx_word' id='word_1_226' title='bbox 828 2951 898 2993; x_wconf 92' lang='lat' dir='ltr'>non</span> <span class='ocrx_word' id='word_1_227' title='bbox 914 2929 1093 3016; x_wconf 89' lang='lat' dir='ltr'>pecuniam</span> <span class='ocrx_word' id='word_1_228' title='bbox 1110 2929 1202 2994; x_wconf 91' lang='lat' dir='ltr'>enim</span> <span class='ocrx_word' id='word_1_229' title='bbox 1218 2952 1339 3015; x_wconf 89' lang='lat' dir='ltr'>super-</span> 
     </span>
     <span class='ocr_line' id='line_1_27' title="bbox 161 3035 1339 3124; baseline 0 -21"><span class='ocrx_word' id='word_1_230' title='bbox 161 3060 234 3103; x_wconf 86' lang='lat' dir='ltr'>esse</span> <span class='ocrx_word' id='word_1_231' title='bbox 258 3038 316 3102; x_wconf 90' lang='lat' dir='ltr'>ille</span> <span class='ocrx_word' id='word_1_232' title='bbox 341 3037 439 3121; x_wconf 85' lang='lat' dir='ltr'>dicit,</span> <span class='ocrx_word' id='word_1_233' title='bbox 469 3035 528 3102; x_wconf 89' lang='lat' dir='ltr'>sed</span> <span class='ocrx_word' id='word_1_234' title='bbox 552 3060 593 3101; x_wconf 86' lang='lat' dir='ltr'>ex</span> <span class='ocrx_word' id='word_1_235' title='bbox 616 3036 786 3124; x_wconf 87' lang='lat' dir='ltr'>prioribus</span> <span class='ocrx_word' id='word_1_236' title='bbox 809 3035 976 3101; x_wconf 87' lang='lat' dir='ltr'>reditibus</span> <span class='ocrx_word' id='word_1_237' title='bbox 1001 3037 1022 3101; x_wconf 87' lang='lat' dir='ltr'>i.</span> <span class='ocrx_word' id='word_1_238' title='bbox 1048 3060 1076 3101; x_wconf 94' lang='grc'>6.</span> <span class='ocrx_word' id='word_1_239' title='bbox 1105 3036 1339 3122; x_wconf 78' lang='lat' dir='ltr'>„Einnahme-</span> 
     </span>
     <span class='ocr_line' id='line_1_28' title="bbox 160 3139 1340 3231; baseline 0 -21"><span class='ocrx_word' id='word_1_240' title='bbox 160 3139 315 3231; x_wconf 79' lang='lat' dir='ltr'>quellen“</span> <span class='ocrx_word' id='word_1_241' title='bbox 341 3145 495 3231; x_wconf 88' lang='lat' dir='ltr'>proximo</span> <span class='ocrx_word' id='word_1_242' title='bbox 513 3166 645 3229; x_wconf 90' lang='lat' dir='ltr'>quoque</span> <span class='ocrx_word' id='word_1_243' title='bbox 661 3166 750 3209; x_wconf 89' lang='lat' dir='ltr'>anno</span> <span class='ocrx_word' id='word_1_244' title='bbox 767 3142 1011 3229; x_wconf 88' lang='lat' dir='ltr'>rempublicam</span> <span class='ocrx_word' id='word_1_245' title='bbox 1027 3143 1340 3210; x_wconf 87' lang='lat' dir='ltr'>administrandam</span> 
     </span>
     <span class='ocr_line' id='line_1_29' title="bbox 161 3250 1339 3338; baseline 0 -20"><span class='ocrx_word' id='word_1_246' title='bbox 161 3275 248 3336; x_wconf 82' lang='lat' dir='ltr'>esse3</span> <span class='ocrx_word' id='word_1_247' title='bbox 274 3275 358 3338; x_wconf 84' lang='lat' dir='ltr'>quae</span> <span class='ocrx_word' id='word_1_248' title='bbox 375 3252 538 3338; x_wconf 86' lang='lat' dir='ltr'>pecuniae</span> <span class='ocrx_word' id='word_1_249' title='bbox 554 3252 763 3322; x_wconf 80' lang='lat' dir='ltr'>necessariae</span> <span class='ocrx_word' id='word_1_250' title='bbox 780 3259 903 3335; x_wconf 81' lang='lat' dir='ltr'>essent,</span> <span class='ocrx_word' id='word_1_251' title='bbox 921 3258 1024 3335; x_wconf 88' lang='lat' dir='ltr'>ntea,</span> <span class='ocrx_word' id='word_1_252' title='bbox 1043 3273 1128 3336; x_wconf 88' lang='lat' dir='ltr'>quae</span> <span class='ocrx_word' id='word_1_253' title='bbox 1145 3250 1188 3315; x_wconf 88' lang='lat' dir='ltr'>ad</span> <span class='ocrx_word' id='word_1_254' title='bbox 1203 3251 1339 3318; x_wconf 89' lang='lat' dir='ltr'>reditus</span> 
     </span>
     <span class='ocr_line' id='line_1_30' title="bbox 160 3358 1339 3447; baseline 0 -21"><span class='ocrx_word' id='word_1_255' title='bbox 160 3360 367 3447; x_wconf 87' lang='lat' dir='ltr'>reipublicae</span> <span class='ocrx_word' id='word_1_256' title='bbox 391 3358 564 3444; x_wconf 84' lang='lat' dir='ltr'>augendos</span> <span class='ocrx_word' id='word_1_257' title='bbox 589 3366 744 3445; x_wconf 87' lang='lat' dir='ltr'>suscepta</span> <span class='ocrx_word' id='word_1_258' title='bbox 767 3361 851 3443; x_wconf 86' lang='lat' dir='ltr'>vult,</span> <span class='ocrx_word' id='word_1_259' title='bbox 876 3358 1130 3444; x_wconf 79' lang='lat' dir='ltr'>perficerentur,</span> <span class='ocrx_word' id='word_1_260' title='bbox 1156 3381 1211 3423; x_wconf 89' lang='grc'>611</span> <span class='ocrx_word' id='word_1_261' title='bbox 1227 3381 1298 3423; x_wconf 91' lang='lat' dir='ltr'>non</span> <span class='ocrx_word' id='word_1_262' title='bbox 1316 3383 1339 3426; x_wconf 88' lang='lat' dir='ltr'>a</span> 
     </span>
     <span class='ocr_line' id='line_1_31' title="bbox 162 3464 1339 3552; baseline -0.001 -19"><span class='ocrx_word' id='word_1_263' title='bbox 162 3467 294 3535; x_wconf 85' lang='lat' dir='ltr'>civibus</span> <span class='ocrx_word' id='word_1_264' title='bbox 322 3468 411 3532; x_wconf 93' lang='lat' dir='ltr'>bello</span> <span class='ocrx_word' id='word_1_265' title='bbox 443 3467 571 3533; x_wconf 87' lang='lat' dir='ltr'>attritis</span> <span class='ocrx_word' id='word_1_266' title='bbox 607 3466 775 3552; x_wconf 84' lang='lat' dir='ltr'>exigenda</span> <span class='ocrx_word' id='word_1_267' title='bbox 810 3488 897 3550; x_wconf 86' lang='grc'>6116,</span> <span class='ocrx_word' id='word_1_268' title='bbox 935 3464 995 3530; x_wconf 89' lang='lat' dir='ltr'>sed</span> <span class='ocrx_word' id='word_1_269' title='bbox 1030 3488 1072 3530; x_wconf 88' lang='lat' dir='ltr'>ex</span> <span class='ocrx_word' id='word_1_270' title='bbox 1106 3465 1339 3551; x_wconf 80' lang='lat' dir='ltr'>vectigalibus</span> 
     </span>
     <span class='ocr_line' id='line_1_32' title="bbox 162 3558 1339 3660; baseline 0 -20"><span class='ocrx_word' id='word_1_271' title='bbox 162 3575 449 3659; x_wconf 82' lang='lat' dir='ltr'>commerciorum,</span> <span class='ocrx_word' id='word_1_272' title='bbox 486 3597 571 3660; x_wconf 91' lang='lat' dir='ltr'>quae</span> <span class='ocrx_word' id='word_1_273' title='bbox 605 3597 687 3660; x_wconf 90' lang='lat' dir='ltr'>pace</span> <span class='ocrx_word' id='word_1_274' title='bbox 722 3574 813 3639; x_wconf 86' lang='lat' dir='ltr'>facta</span> <span class='ocrx_word' id='word_1_275' title='bbox 848 3577 1062 3658; x_wconf 87' lang='lat' dir='ltr'>augerentur.</span> <span class='ocrx_word' id='word_1_276' title='bbox 1073 3567 1099 3655; x_wconf 76' lang='lat'>1)</span> <span class='ocrx_word' id='word_1_277' title='bbox 1134 3609 1176 3619; x_wconf 92' lang='lat'>-</span> <span class='ocrx_word' id='word_1_278' title='bbox 1215 3558 1339 3658; x_wconf 84' lang='lat' dir='ltr'>Neque</span> 
     </span>
     <span class='ocr_line' id='line_1_33' title="bbox 161 3680 1340 3767; baseline -0.001 -20"><span class='ocrx_word' id='word_1_279' title='bbox 161 3683 287 3748; x_wconf 85' lang='lat' dir='ltr'>rectius</span> <span class='ocrx_word' id='word_1_280' title='bbox 311 3682 489 3767; x_wconf 90' lang='lat' dir='ltr'>Hagenius</span> <span class='ocrx_word' id='word_1_281' title='bbox 512 3681 715 3767; x_wconf 80' lang='lat' dir='ltr'>disputavit,</span> <span class='ocrx_word' id='word_1_282' title='bbox 752 3704 829 3747; x_wconf 87' lang='lat' dir='ltr'>cum</span> <span class='ocrx_word' id='word_1_283' title='bbox 852 3682 885 3747; x_wconf 98' lang='lat' dir='ltr'>V</span> <span class='ocrx_word' id='word_1_284' title='bbox 911 3682 950 3746; x_wconf 92' lang='grc'>12</span> <span class='ocrx_word' id='word_1_285' title='bbox 974 3680 1105 3745; x_wconf 89' lang='lat' dir='ltr'>reditus</span> <span class='ocrx_word' id='word_1_286' title='bbox 1127 3680 1340 3767; x_wconf 88' lang='lat' dir='ltr'>reipublicae</span> 
     </span>
     <span class='ocr_line' id='line_1_34' title="bbox 115 3787 1339 3875; baseline -0.002 -20"><span class='ocrx_word' id='word_1_287' title='bbox 115 3824 118 3830; x_wconf 96' lang='lat'>·</span> <span class='ocrx_word' id='word_1_288' title='bbox 163 3790 233 3855; x_wconf 86' lang='lat' dir='ltr'>iam</span> <span class='ocrx_word' id='word_1_289' title='bbox 256 3796 371 3855; x_wconf 90' lang='lat' dir='ltr'>auctos</span> <span class='ocrx_word' id='word_1_290' title='bbox 396 3789 585 3875; x_wconf 86' lang='lat' dir='ltr'>designari,</span> <span class='ocrx_word' id='word_1_291' title='bbox 617 3790 667 3855; x_wconf 85' lang='lat' dir='ltr'>IV</span> <span class='ocrx_word' id='word_1_292' title='bbox 690 3790 735 3853; x_wconf 90' lang='lat'>40</span> <span class='ocrx_word' id='word_1_293' title='bbox 759 3788 958 3874; x_wconf 87' lang='lat' dir='ltr'>scriptorem</span> <span class='ocrx_word' id='word_1_294' title='bbox 982 3810 1117 3874; x_wconf 87' lang='lat' dir='ltr'>sperare</span> <span class='ocrx_word' id='word_1_295' title='bbox 1141 3787 1339 3874; x_wconf 86' lang='lat' dir='ltr'>contendat,</span> 
     </span>
     <span class='ocr_line' id='line_1_35' title="bbox 163 3894 1340 3983; baseline -0.003 -20"><span class='ocrx_word' id='word_1_296' title='bbox 163 3896 235 3963; x_wconf 85' lang='lat' dir='ltr'>fore</span> <span class='ocrx_word' id='word_1_297' title='bbox 263 3903 303 3963; x_wconf 94' lang='grc'>11</span> <span class='ocrx_word' id='word_1_298' title='bbox 331 3897 460 3962; x_wconf 90' lang='lat' dir='ltr'>reditus</span> <span class='ocrx_word' id='word_1_299' title='bbox 484 3901 684 3983; x_wconf 86' lang='lat' dir='ltr'>augeantur.</span> <span class='ocrx_word' id='word_1_300' title='bbox 731 3895 807 3960; x_wconf 84' lang='lat' dir='ltr'>Illic</span> <span class='ocrx_word' id='word_1_301' title='bbox 843 3895 935 3960; x_wconf 91' lang='lat' dir='ltr'>enim</span> <span class='ocrx_word' id='word_1_302' title='bbox 969 3894 1153 3981; x_wconf 87' lang='lat' dir='ltr'>vectigalia</span> <span class='ocrx_word' id='word_1_303' title='bbox 1186 3895 1340 3980; x_wconf 89' lang='lat' dir='ltr'>portoria</span> 
     </span>
    </p>
   </div>
   <div class='ocr_carea' id='block_1_3' title="bbox 164 4062 1341 4412">
    <p class='ocr_par' dir='ltr' id='par_1_3' title="bbox 164 4062 1341 4412">
     <span class='ocr_line' id='line_1_36' title="bbox 273 4062 1341 4143; baseline -0.004 -16"><span class='ocrx_word' id='word_1_304' title='bbox 273 4074 299 4143; x_wconf 88' lang='grc'>1)</span> <span class='ocrx_word' id='word_1_305' title='bbox 337 4078 373 4126; x_wconf 84' lang='grc' dir='ltr'>Εἰ</span> <span class='ocrx_word' id='word_1_306' title='bbox 402 4073 428 4125; x_wconf 82' lang='lat' dir='ltr'>d’</span> <span class='ocrx_word' id='word_1_307' title='bbox 455 4067 489 4125; x_wconf 81' lang='grc' dir='ltr'>αὖ</span> <span class='ocrx_word' id='word_1_308' title='bbox 516 4064 565 4124; x_wconf 71' lang='grc' dir='ltr'>διὰ</span> <span class='ocrx_word' id='word_1_309' title='bbox 592 4064 640 4129; x_wconf 76' lang='grc' dir='ltr'>τὰς</span> <span class='ocrx_word' id='word_1_310' title='bbox 668 4073 697 4124; x_wconf 72' lang='grc' dir='ltr'>ἐν</span> <span class='ocrx_word' id='word_1_311' title='bbox 723 4069 761 4139; x_wconf 78' lang='grc' dir='ltr'>τῷ</span> <span class='ocrx_word' id='word_1_312' title='bbox 788 4069 837 4123; x_wconf 80' lang='grc' dir='ltr'>νῦν</span> <span class='ocrx_word' id='word_1_313' title='bbox 864 4074 977 4142; x_wconf 74' lang='grc' dir='ltr'><em>πολέμῳ</em></span> <span class='ocrx_word' id='word_1_314' title='bbox 1000 4074 1185 4141; x_wconf 67' lang='grc' dir='ltr'>γεγενημένας</span> <span class='ocrx_word' id='word_1_315' title='bbox 1203 4062 1341 4141; x_wconf 70' lang='grc' dir='ltr'><em>εἰσφορὰς</em></span> 
     </span>
     <span class='ocr_line' id='line_1_37' title="bbox 164 4150 1341 4235; baseline -0.003 -20"><span class='ocrx_word' id='word_1_316' title='bbox 164 4162 282 4235; x_wconf 75' lang='grc' dir='ltr'><em>νομίζετ’</em></span> <span class='ocrx_word' id='word_1_317' title='bbox 311 4154 345 4215; x_wconf 71' lang='grc' dir='ltr'>ἂν</span> <span class='ocrx_word' id='word_1_318' title='bbox 371 4162 438 4235; x_wconf 73' lang='grc' dir='ltr'><em>μηδ’</em></span> <span class='ocrx_word' id='word_1_319' title='bbox 467 4155 560 4214; x_wconf 83' lang='grc' dir='ltr'><em>ὁτιοῦν</em></span> <span class='ocrx_word' id='word_1_320' title='bbox 588 4155 729 4213; x_wconf 64' lang='grc' dir='ltr'><em>δύνασθαι</em></span> <span class='ocrx_word' id='word_1_321' title='bbox 758 4165 930 4230; x_wconf 71' lang='grc' dir='ltr'>εἰσενεγκεῖν,</span> <span class='ocrx_word' id='word_1_322' title='bbox 959 4153 1037 4231; x_wconf 74' lang='grc' dir='ltr'><em>ὑμεῖς</em></span> <span class='ocrx_word' id='word_1_323' title='bbox 1065 4150 1118 4211; x_wconf 77' lang='grc' dir='ltr'>ὅσα</span> <span class='ocrx_word' id='word_1_324' title='bbox 1142 4160 1195 4231; x_wconf 80' lang='grc' dir='ltr'>μὲν</span> <span class='ocrx_word' id='word_1_325' title='bbox 1218 4150 1341 4229; x_wconf 74' lang='grc' dir='ltr'><em>πρὸτῆς</em></span> 
     </span>
     <span class='ocr_line' id='line_1_38' title="bbox 166 4240 1337 4324; baseline -0.002 -19"><span class='ocrx_word' id='word_1_326' title='bbox 166 4245 271 4322; x_wconf 71' lang='grc' dir='ltr'><em>εἰρήνης</em></span> <span class='ocrx_word' id='word_1_327' title='bbox 285 4247 416 4324; x_wconf 77' lang='grc' dir='ltr'><em>χρήματα</em></span> <span class='ocrx_word' id='word_1_328' title='bbox 437 4244 544 4322; x_wconf 74' lang='grc' dir='ltr'><em>εὕρισκε</em></span> <span class='ocrx_word' id='word_1_329' title='bbox 564 4242 597 4303; x_wconf 83' lang='grc' dir='ltr'>τίι</span> <span class='ocrx_word' id='word_1_330' title='bbox 616 4253 684 4316; x_wconf 73' lang='grc' dir='ltr'><em>τέλη,</em></span> <span class='ocrx_word' id='word_1_331' title='bbox 706 4241 760 4301; x_wconf 75' lang='grc' dir='ltr'>ἀπὸ</span> <span class='ocrx_word' id='word_1_332' title='bbox 774 4243 913 4302; x_wconf 77' lang='grc' dir='ltr'><em>τοσούτων</em></span> <span class='ocrx_word' id='word_1_333' title='bbox 926 4253 972 4302; x_wconf 77' lang='grc' dir='ltr'>καὶ</span> <span class='ocrx_word' id='word_1_334' title='bbox 985 4241 1015 4301; x_wconf 83' lang='grc' dir='ltr'>τὸ</span> <span class='ocrx_word' id='word_1_335' title='bbox 1036 4240 1115 4301; x_wconf 75' lang='grc' dir='ltr'><em>ἐπιὸν</em></span> <span class='ocrx_word' id='word_1_336' title='bbox 1135 4249 1192 4307; x_wconf 78' lang='grc' dir='ltr'><em>ἔιος</em></span> <span class='ocrx_word' id='word_1_337' title='bbox 1205 4247 1337 4304; x_wconf 74' lang='grc' dir='ltr'><em>διοικεῖτε</em></span> 
     </span>
     <span class='ocr_line' id='line_1_39' title="bbox 164 4331 1068 4412; baseline -0.001 -18"><span class='ocrx_word' id='word_1_338' title='bbox 164 4333 213 4409; x_wconf 77' lang='grc' dir='ltr'><em>την</em></span> <span class='ocrx_word' id='word_1_339' title='bbox 231 4335 320 4394; x_wconf 76' lang='grc' dir='ltr'><em>πόλιν·</em></span> <span class='ocrx_word' id='word_1_340' title='bbox 341 4333 393 4394; x_wconf 80' lang='grc' dir='ltr'>ὅσα</span> <span class='ocrx_word' id='word_1_341' title='bbox 413 4340 439 4394; x_wconf 74' lang='grc' dir='ltr'>δ’</span> <span class='ocrx_word' id='word_1_342' title='bbox 460 4333 493 4392; x_wconf 73' lang='grc' dir='ltr'>ἂν</span> <span class='ocrx_word' id='word_1_343' title='bbox 512 4343 660 4412; x_wconf 69' lang='grc' dir='ltr'><em>ἐφεινρίσκη</em></span> <span class='ocrx_word' id='word_1_344' title='bbox 681 4331 730 4393; x_wconf 71' lang='grc' dir='ltr'>διὰ</span> <span class='ocrx_word' id='word_1_345' title='bbox 747 4331 778 4391; x_wconf 84' lang='grc' dir='ltr'>τὸ</span> <span class='ocrx_word' id='word_1_346' title='bbox 798 4332 905 4410; x_wconf 72' lang='grc' dir='ltr'><em>εἰρήνην</em></span> <span class='ocrx_word' id='word_1_347' title='bbox 925 4338 996 4393; x_wconf 81' lang='grc' dir='ltr'><em>εἶναι</em></span> <span class='ocrx_word' id='word_1_348' title='bbox 1015 4344 1068 4394; x_wconf 80' lang='lat' dir='ltr'>etc.</span> 
     </span>
    </p>
   </div>
   <div class='ocr_carea' id='block_1_4' title="bbox 0 0 1474 4874">
    <p class='ocr_par' dir='ltr' id='par_1_4' title="bbox 0 0 1474 4874">
     <span class='ocr_line' id='line_1_40' title="bbox 0 0 1474 4874; baseline 0 0"><span class='ocrx_word' id='word_1_349' title='bbox 0 0 1474 4874; x_wconf 95' lang='lat' dir='ltr'> </span> 
     </span>
    </p>
   </div>
  </div>
 </body>
</html>
