2932 4874
618 198 837 262 ..74-

141 366 286 451 ἆξύνειαι
316 369 476 459 γίγνονιαι
508 365 685 460 ἅνθρωποι
711 374 904 463 (Hippolyt.
928 375 1045 440 Refut.
1070 397 1159 440 omn.
1184 374 1321 441 haeres

140 484 192 549 IX
220 485 250 569 9,
280 485 345 549 280
371 483 481 564 Mill.).
529 484 623 562 Quae
663 483 808 548 editores
848 482 985 581 quidem
1024 482 1106 547 adeo
1143 481 1210 548 sibi
1243 505 1323 569 per·

141 591 281 657 suadere
325 614 396 656 non
441 597 645 677 potuerunt,
707 598 746 656 ut
796 597 830 655 et
880 589 1074 656 Boeokhius
1127 589 1322 670 (Philolaus

141 722 173 786 p.
220 699 263 763 45
310 695 373 784 sq.)
425 705 459 762 et
505 697 708 764 Sohusterus
759 696 936 781 (Heraclit.
988 697 1065 763 Aet.
1117 718 1182 763 soe.
1231 697 1321 785 phil.

140 806 234 893 Lips.
280 806 364 871 1873
398 829 431 892 p.
468 803 525 888 51)
559 806 619 870 illa
660 804 853 891 fragmenta
892 828 973 871 vera
1010 805 1173 870 librorum
1214 805 1323 870 initia

142 935 215 978 esse
257 918 424 999 negantes
472 912 538 977 alio
581 913 655 978 loeo
695 935 734 978 ea
772 912 966 978 collocanda
1007 935 1080 977 esse
1125 919 1321 978 censerent.

142 1020 240 1098 Quod
274 1021 312 1085 in
345 1020 519 1085 Heraclito
555 1026 646 1085 oerte
684 1018 759 1084 fieri
797 1042 866 1084 non
894 1026 1021 1106 potest,
1067 1042 1144 1084 oum
1182 1018 1321 1084 Aristo-

141 1129 226 1192 teles
250 1149 381 1212 quoque
406 1126 557 1208 (Rhetor.
581 1127 677 1191 1115
700 1150 732 1213 p.
761 1128 845 1192 1407
869 1127 901 1193 b.
928 1127 983 1211 14)
1019 1127 1209 1212 Sextusque
1234 1127 1321 1192 Em·

140 1234 268 1322 pirious
291 1232 381 1318 (adv.
406 1234 564 1299 matham.
589 1235 657 1300 VH
683 1235 758 1314 132)
792 1235 836 1299 111
868 1234 981 1300 verbis
1007 1232 1133 1298 librum
1161 1233 1320 1320 coepisse

142 1347 326 1411 testentur.
368 1343 489 1426 Itaque
512 1347 582 1406 tam
610 1341 803 1407 inauditum
831 1365 931 1428 quam
956 1340 1179 1407 Schenkelius
1207 1347 1320 1427 putat,

140 1472 211 1515 non
233 1448 340 1514 fuisse
363 1449 515 1533 videtur,
551 1449 613 1514 tali
646 1449 818 1535 prooemio
853 1450 890 1514 in
924 1448 1052 1513 medias
1080 1470 1133 1513 res
1157 1448 1318 1515 transire.

142 1556 211 1622 Sed
234 1556 372 1621 omnino
397 1579 473 1621 eum
490 1556 707 1622 Oeconomioi
730 1562 765 1621 et
781 1556 953 1643 Symposii
973 1555 1155 1644 prooemiis
1179 1561 1321 1622 tantum

141 1663 353 1729 auctoritatis
377 1663 538 1729 tribuisse
562 1664 686 1728 mirum
709 1668 771 1748 est,
795 1664 854 1748 qui
878 1663 1030 1729 omnium
1053 1663 1125 1728 fere
1149 1663 1320 1729 Memora·

142 1770 264 1837 bilium
287 1771 452 1836 librorum
475 1771 645 1857 prooemia
669 1769 860 1836 adulterina
884 1777 917 1835 et
934 1771 979 1855 ab,
992 1771 1234 1857 interpolatore
1258 1772 1320 1837 ad-

143 1878 216 1944 dita
239 1900 313 1943 esse
337 1878 511 1943 existimat
534 1876 608 1961 (afr.
634 1877 793 1944 Schenkl.
817 1879 839 1943 1.
857 1880 879 1944 1.
903 1901 935 1964 p.
964 1879 1036 1944 118.
1064 1879 1126 1943 123
1150 1894 1200 1963 sq,
1228 1876 1320 1961 144).

141 1986 265 2052 Nonne
289 1987 424 2051 illorum
448 2007 582 2071 quoque
605 1985 768 2050 librorum
792 1986 901 2072 prima
928 1984 1032 2051 verba
1067 1985 1097 2050 si
1131 2008 1200 2050 non
1236 1985 1321 2051 addi

145 2100 180 2158 11
202 2093 378 2158 retractari
403 2099 437 2158 et
460 2093 585 2184 mutari
607 2098 792 2180 potuerunt
816 2117 835 2158 a
858 2093 1090 2179 grammatice,
1120 2093 1179 2177 qui
1201 2093 1319 2159 Xeno-

143 2200 282 2287 phontis
329 2200 482 2285 dialogos
517 2201 705 2267 Socraticos
750 2222 818 2265 uno
858 2222 995 2287 corpore
1040 2201 1146 2265 lectos
1185 2200 1317 2266 voluit?

142 2309 263 2394 Itaque
286 2308 346 2373 vix
370 2308 549 2394 quisquam
572 2331 648 2373 oum
673 2308 877 2374 Schenhelio
902 2308 1101 2392 consentiet,
1137 2307 1206 2372 nisi
1240 2330 1317 2393 gra·

141 2416 238 2481 viora
261 2423 460 2500 argumenta
482 2415 526 2481 ad
546 2415 752 2480 sententiam
776 2415 848 2480 eius
876 2415 1084 2502 probandam
1112 2414 1315 2499 afferuntur;

143 2546 185 2588 ex
209 2544 421 2608 savorem,
450 2522 540 2607 quod
563 2529 598 2587 et
626 2524 685 2588 ille
709 2530 743 2588 11
758 2523 911 2608 Langius
919 2517 944 2606 ¹)
968 2522 1127 2587 ultimum
1150 2523 1315 2588 Memora·

140 2630 263 2697 bilium
287 2635 388 2717 eaput
417 2629 629 2695 subditivum
657 2637 793 2717 putant,
827 2630 916 2695 nihil
951 2630 1143 2716 proficiunt.
1191 2629 1315 2707 Quam·

143 2760 246 2824 quam
270 2738 362 2802 enim
385 2737 469 2802 haee
492 2737 561 2822 illa,
586 2760 673 2827 quae
695 2737 731 2802 in
756 2760 794 2803 eo
819 2738 929 2823 eapite
951 2739 1128 2824 leguntur,
1153 2737 1312 2822 suspicio-

144 2869 224 2910 nem
247 2851 387 2911 movent
411 2844 591 2932 (imprimis
616 2847 635 2924 §
659 2846 689 2929 3,
719 2868 820 2930 quam
843 2845 1022 2910 delendam
1047 2842 1119 2908 esse
1143 2842 1310 2926 concedo),

142 2959 258 3018 tamen
292 2953 335 3018 ad
362 2953 502 3018 ultimae
529 2949 767 3039 paragraphi2)
791 2953 1027 3018 auctoritatem
1061 2951 1313 3044 infringendam

141 3061 230 3126 nihil
261 3083 366 3146 grave
394 3059 446 3124 illi
475 3062 663 3125 attulerunt
692 3060 856 3140 (Schenkl
878 3083 910 3146 p.
938 3059 1016 3142 1433
1049 3060 1168 3144 Lange
1192 3082 1225 3146 p.
1250 3057 1309 3136 43).

147 3168 240 3246 Quae
257 3168 287 3232 si
304 3166 565 3254 aXenophonte
589 3168 715 3254 scripta
739 3174 803 3251 est,
833 3166 1067 3232 Memorabilia
1091 3167 1226 3252 epilogo
1249 3184 1321 3231 non

143 3282 275 3360 carent,
312 3275 371 3340 sed
405 3275 533 3361 optime
569 3275 829 3359 concluduntur,
865 3297 941 3339 eum
966 3272 1158 3360 Xenophon
1191 3292 1357 3355 eorum,

143 3405 229 3468 quae
252 3404 313 3469 per
336 3381 461 3447 librum
485 3381 658 3469 disputata
682 3389 771 3467 sunt,
797 3405 962 3447 summam
986 3380 1088 3446 faeiat
1110 3380 1164 3445 his
1187 3380 1311 3447 verbis
1351 3401 1379 3440 -.

147 3482 221 3569 ἐμοὶ
255 3483 315 3568 μὲν
349 3481 388 3575 δὴ
424 3489 574 3562 τοιοῦτος
604 3478 648 3549 <tv
677 3477 747 3551 οἷον
781 3481 844 3570 ἕνα)
878 3480 1050 3574 διήγημαι,
1091 3477 1226 3573 εὐσεβὴς
1261 3475 1379 3568 pig-‘-

145 3585 257 3673 οὕτως,
283 3585 366 3658 ὥστε
388 3591 491 3682 μηδὲν
514 3584 588 3658 drea
611 3595 669 3682 τῆς
692 3595 758 3656 τιῦν
780 3595 869 3657 θεῶν
892 3587 1020 3681 γνώμης
1042 3593 1163 3671 ποιεῖν,
1189 3588 1368 3656 dinato·

145 3698 190 3781 δέ,
208 3692 291 3765 ὥστε
307 3695 471 3784 βλάπτειν
485 3697 544 3782 μὲν
559 3698 683 3789 μηδένα
700 3712 774 3779 eta,
800 3695 957 3788 ἐγκραιὴς
980 3697 1024 3778 de',
1050 3689 1133 3763 1111111
1148 3696 1379 3787 μηδέποἘ

144 3810 385 3896 προαιρεῖσθαι
408 3803 447 3872 τὸ
471 3801 564 3896 ἥδιον
588 3800 660 3872 ἀντὶ
683 3811 742 3872 τοῦ
764 3803 940 3891 βελτίονος,
969 3801 1129 3895 φρόνιμος
1152 3803 1197 3886 δέ,
1235 3799 1291 3871 dio
1305 3812 1379 3859 r

217 4006 244 4072 1)
264 4004 308 4060 De
326 4005 363 4059 X.
384 4024 430 4076 qu.
450 4006 470 4059 f.
489 4003 633 4076 Apologia
657 4011 686 4059 et
710 4011 840 4059 extrema
860 4006 1053 4060 Commentar.
1073 4004 1264 4074 1111111142.

216 4097 244 4164 2)
262 4094 349 4149 Mem.
360 4094 435 4164 IVS,
452 4096 493 4148 11.
510 4125 541 4132 -
557 4095 836 4149 Commemoratione
846 4095 966 4166 dignum
976 4100 1027 4163 est,
1038 4093 1133 4165 ipsum
1142 4085 1379 4147 Krohniu1'2

146 4185 244 4257 quiex
258 4189 396 4257 quattuor
407 4183 641 4238 Memorabilium
654 4183 735 4238 libris
754 4188 864 4255 septem
882 4183 968 4238 modo
988 4182 1083 4255 capita
1095 4201 1112 4236 a
1124 4181 1336 4254 Xenophon*
1355 4170 1379 4202 Ἴ

146 4274 252 4345 scripta
270 4279 363 4345 putat,
382 4273 457 4327 hanc
469 4274 687 4345 paragraphum
700 4273 726 4328 ei
738 4273 865 4328 tribuere
884 4272 1007 4344 (Krohn,
1026 4273 1157 4327 Socrates
1175 4291 1202 4327 u.
1220 4272 1315 4326 Xer»
1331 4259 1379 4297 ί

148 4365 228 4436 phon
246 4362 358 4436 11147).
