2932 4874
584 203 832 287 --eaa

108 393 337 482 γραψαμένους
371 400 484 464 dicere
518 400 645 487 potuit,
680 399 877 465 nominibus
911 423 981 465 non
1004 399 1145 484 additis;
1175 401 1238 467 Pol
1265 439 1278 450 -

107 507 209 571 cratis
233 514 346 572 autem
370 507 650 573 declamationem
674 514 744 572 tam
768 507 936 573 celebrem
963 507 1085 592 fuisse,
1101 497 1153 572 ut
1179 531 1279 574 nemo

106 621 220 700 posset
253 614 417 698 dubitare,
454 615 537 699 quin
572 615 668 680 illum
696 614 892 702 Xenophon
927 615 1140 680 intellectum
1163 616 1278 701 vellet,

108 744 146 786 ea
169 744 205 786 re
238 744 308 787 non
343 722 425 786 satis
460 722 636 808 probatur,
673 714 762 807 quod
791 722 914 808 Lysias
938 721 1108 809 Apologia
1131 723 1280 788 Socratis

78 817 91 829 '⁵
106 829 291 916 composita
315 852 391 893 eum
414 829 629 894 refutandum
656 829 721 894 sibi
745 830 891 916 sumpsit
914 828 998 913 (Vit.
1014 830 1052 894 X
1068 835 1151 895 orat.
1167 854 1200 917 p.
1213 831 1279 895 836

104 935 141 1020 b;
167 936 269 1002 schol.
294 937 437 1002 Aristid.
462 937 516 1001 111
538 961 570 1023 p.
589 938 663 1020 320,
687 938 849 1020 46125,
878 938 956 1023 480,
980 938 1023 1002 32
1046 935 1175 1016 1111111).
1210 937 1279 1003 Ne·

106 1035 171 1128 que
194 1050 233 1108 ut
268 1051 359 1109 recte
380 1042 578 1130 ¹Xenophon
612 1068 631 1109 a
665 1043 859 1130 legentibus
894 1045 1166 1131 intellegeretur,
1203 1067 1280 1110 cum
1407 1119 1411 1133 ,

105 1151 203 1216 modo
237 1143 313 1225 10111·
336 1146 575 1236 γραψαμένους,
611 1151 711 1216 modo
744 1143 801 1211 cdv
835 1143 1017 1236 κανήγορον
1041 1152 1170 1216 diceret
1209 1175 1280 1217 non

105 1258 240 1343 docens,
265 1260 340 1343 quis
364 1259 431 1344 hic,
456 1260 515 1344 qui
537 1258 590 1323 illi
615 1264 741 1342 essent,
775 1258 851 1323 fieri
873 1259 1000 1345 potuit3
1036 1281 1116 1323 nam
1138 1282 1183 1324 ne
1206 1260 1279 1346 plu·

108 1366 172 1430 rali
195 1366 333 1450 quidem
357 1389 489 1452 semper
511 1367 630 1450 utitur,
655 1365 715 1430 sed
737 1367 755 1430 Ι
778 1367 809 1450 2,
834 1366 878 1430 64
909 1355 926 1426 ὁ
951 1357 1161 1450 γραψάμενος
1189 1389 1279 1432 com-

104 1479 317 1557 memoratur,
352 1473 412 1538 ubi
435 1473 581 1538 Meletus
605 1471 857 1560 intellegendus
881 1479 942 1538 est.
997 1473 1117 1559 Itaque
1142 1475 1279 1539 omnino

104 1580 134 1645 is
158 1587 333 1645 accusator
350 1580 601 1664 intellegendus
619 1603 691 1645 csse
715 1579 860 1665 videtur,
886 1581 946 1666 qui
967 1580 1004 1645 in
1020 1581 1146 1646 iudicio
1164 1587 1280 1648 contra

104 1687 278 1753 Socratem
303 1687 400 1752 dixit.
559 1671 568 1692 ⁰

148 1824 154 1834 ·
210 1795 344 1859 Deinde
373 1818 417 1859 ne
446 1794 563 1859 eadem
592 1795 744 1880 quidem,
781 1818 866 1880 quae
902 1795 1123 1880 aPolycrate
1148 1796 1280 1861 Socrati

102 1902 236 1967 obiecta
271 1925 344 1990 esse
378 1903 543 1966 Isocrates
578 1901 811 1987 Aristidisque
850 1903 1046 1972 scholiasta,
1066 1902 1220 1987 tradunt,
1261 1927 1280 1970 a

100 2008 329 2094 Xenophonte
363 2008 579 2093 refelluntur3
620 2011 816 2096 Polycrates
853 2010 945 2074 enim
978 2008 1152 2074 rhetorum
1186 2032 1279 2075 more

99 2117 260 2182 veritatis
284 2116 351 2180 fide
375 2139 445 2181 non
469 2123 603 2182 servata
626 2140 680 2180 res
704 2117 741 2180 in
765 2117 873 2182 maius
898 2106 1034 2201 extulit,
1070 2117 1196 2204 quippe
1221 2118 1280 2203 qui
1359 2160 1403 2191 z

102 2224 278 2290 Socratem
307 2212 400 2307 ὄρνεα
423 2218 480 2284 καὶ
503 2216 600 2298 κύνας
623 2218 680 2284 καὶ
705 2216 745 2285 roi
769 2224 906 2284 τοιαῦτα
931 2218 1037 2303 σέβειν
1061 2221 1128 2285 δεῖν
1152 2224 1279 2290 dixisse

70 2329 72 2333 ’
103 2330 177 2412 (cfr.
201 2329 344 2416 hypoth.
369 2331 421 2396 ad.
445 2332 547 2396 Isocr.
572 2331 697 2411 Busir.)
727 2338 761 2395 et
788 2354 860 2396 rem
887 2330 1058 2417 publicam
1082 2354 1279 2396 eversurum

100 2436 209 2503 fuisse
223 2461 299 2503 cum
311 2439 449 2504 Ulixem
461 2439 681 2505 Homericum
696 2462 793 2524 reges
808 2439 1042 2524 castigantem,
1054 2439 1190 2525 plebem
1202 2463 1277 2505 ver-

100 2546 280 2610 berantem
313 2546 371 2626 (Jl.
395 2547 435 2610 B.
463 2547 526 2611 188
550 2545 589 2624 6.)
624 2545 803 2631 laudasset,
841 2546 1021 2611 tradiderit
1044 2545 1159 2626 (schol.
1183 2547 1205 2613 1.
1230 2545 1275 2630 1.),

101 2651 386 2738 Alcibiademque
420 2653 472 2717 illi
507 2653 713 2739 discipulum
737 2654 869 2719 dederit
903 2652 1018 2737 (Isocr.
1043 2653 1155 2719 Busir.
1180 2655 1202 2718 l.
1227 2650 1275 2736 1.).

100 2759 296 2847 Xenophon
319 2767 433 2824 autem
456 2761 682 2825 ementientes
712 2761 787 2826 illas
823 2761 1105 2847 superiectiones,
1141 2783 1223 2845 quas
1247 2761 1278 2825 si

100 2867 295 2952 Polycratis
311 2866 484 2932 refutandi
505 2891 604 2933 causa
620 2867 855 2932 Memorabilia
871 2868 1017 2954 scripsit,
1041 2867 1196 2933 refellere
1220 2867 1278 2931 de·

101 2974 190 3059 buit,
215 2998 258 3039 ne
283 2975 559 3040 commemoravit
583 2975 730 3060 quidem,
767 2974 827 3039 sed
850 2973 891 3039 ab
914 2975 958 3039 iis
982 2974 1081 3040 modo
1106 2975 1278 3041 Socratem

102 3081 269 3166 defendit,
288 3105 373 3167 quae
389 3089 600 3147 accusatores
613 3082 665 3145 illi
676 3082 763 3146 vitio
776 3088 959 3146 verterant.
988 3083 1077 3148 Nam
1089 3082 1130 3147 ab
1144 3105 1277 3147 accusa-

100 3197 177 3254 tore
195 3190 327 3255 Socrati
350 3189 439 3255 obici
462 3189 556 3273 dicit,
593 3189 682 3274 quod
710 3183 802 3272 i'capu
830 3181 926 3248 καινὰ
951 3181 1278 3280 δαιμόνιαεὶσφέροι

102 3293 137 3380 (Ι
163 3298 191 3381 1,
219 3300 236 3362 l
261 3295 327 3383 sq.)
343 3302 385 3362 -et
409 3296 499 3382 quod
521 3297 709 3360 Homerum
745 3319 800 3361 eos
829 3295 1031 3361 laudantem
1065 3296 1182 3381 faciat,
1219 3297 1278 3382 qui

100 3403 259 3469 homines
282 3403 432 3490 plebeios
448 3426 678 3490 pauperesque
694 3402 893 3469 verberibus
910 3403 1086 3468 afficerent
1108 3401 1140 3487 (I
1164 3405 1194 3488 2,
1211 3403 1277 3488 58),

102 3519 141 3577 et
175 3511 265 3596 quod
301 3511 497 3577 Alcibiades
533 3511 726 3595 Critiasquc
767 3510 1012 3576 consuetudine
1048 3510 1196 3576 Socratis
1223 3510 1279 3575 usi

102 3624 237 3700 essens
259 3618 380 3702 quibus
405 3618 595 3704 opprobriis
611 3616 801 3682 refutandis
816 3618 890 3703 ipse
907 3640 1044 3704 operam
1058 3623 1171 3682 navat.
1210 3617 1279 3682 Sed

102 3726 136 3791 si
151 3726 365 3811 Polycratem
387 3725 591 3811 redarguere
611 3725 728 3808 voluit,
754 3747 864 3810 neque
887 3725 1078 3811 respublica
1095 3724 1279 3790 evertenda

100 3856 215 3918 neque
249 3855 349 3898 canes
383 3832 546 3898 adorandi
579 3832 876 3918 praetermittendi
898 3833 1163 3918 Polycratesque
1185 3832 1277 3897 vitu-

100 3940 274 4030 perandus
302 3939 383 4025 fuit,
419 3939 510 4025 quod
532 3939 747 4004 Alcibiadem
783 3940 854 4004 eius
890 3939 1095 4025 discipulum
1124 3939 1276 4025 dixisset,

102 4048 166 4135 qui
188 4047 315 4112 nullius
337 4070 488 4132 unquam
512 4049 676 4131 magister
699 4045 835 4130 fuisset3
865 4070 924 4111 cur
946 4069 1027 4112 vero
1052 4047 1196 4111 Critiam
1219 4045 1277 4111 ad-

102 4155 246 4239 diderit,
284 4155 379 4219 cuius
414 4155 471 4219 ille
505 4176 549 4217 ne
584 4154 793 4218 mentionem
821 4154 958 4240 quidem
985 4153 1107 4219 fecisse
1130 4152 1276 4239 videtur,

101 4263 244 4330 omnino
267 4285 337 4328 non
360 4261 580 4344 intellegitur.
638 4260 762 4326 Omnia
795 4262 903 4346 igitur
925 4262 1116 4347 Polycratis
1139 4261 1276 4347 propria

97 4371 318 4456 rhetorisque
344 4375 483 4434 naturae
507 4375 732 4433 consentanea
755 4368 1018 4455 aXenophonte
1038 4370 1277 4456 negleguntur,
