2932 4874
690 134 904 245 ,911-

209 364 304 424 strat.
343 359 463 444 Itaque
487 382 564 424 cum
588 382 808 445 quaecunque
832 359 920 446 apud
943 361 1064 425 Persas
1088 360 1126 424 in
1140 359 1239 446 peius
1256 366 1393 425 mutata

210 466 304 550 dicit,
330 489 369 531 ea
392 466 507 531 omnia
523 466 719 553 Xenophon
741 467 879 552 regibus
902 468 988 532 vitio
1008 474 1129 552 vertat,
1147 467 1205 553 qui
1231 468 1393 556 exemplo

208 596 268 638 suo
291 573 468 661 populum,
492 581 573 638 uta
597 574 695 639 bonis
719 575 883 640 maiorum
907 575 1075 639 institutis
1100 574 1292 660 recederet,
1332 575 1391 641 de-

209 680 401 766 duxissent,
426 681 580 767 epilogus
617 683 858 747 cumconsilio
883 681 1115 768 Cyropaediae
1149 704 1219 747 non
1243 690 1391 769 pugnat.

208 789 327 873 Neque
351 793 412 872 est,
438 810 497 852 cur
521 811 607 873 eum,
633 789 691 873 qui
714 811 774 875 per
797 795 907 854 totum
928 788 1053 854 librum
1069 812 1138 854 non
1153 790 1254 854 modo
1270 812 1393 876 regem

209 896 348 981 Cyrum,
374 894 433 960 sed
457 917 574 960 omnes
590 896 711 961 Persas
736 896 888 961 omnium
911 897 1079 961 virtutum
1095 897 1190 962 velut
1213 899 1392 984 exempla·

207 1002 259 1067 ria
282 1002 478 1088 descripsit,
516 1008 666 1068 extremo
700 1003 787 1068 libro
824 1002 1125 1069 demonstrandum
1157 1004 1224 1069 sihi
1247 1011 1393 1090 putasse

209 1132 384 1194 negemus,
413 1110 495 1175 talia
518 1110 677 1196 aPersis,
702 1111 817 1197 quales
842 1111 949 1198 ipsius
965 1118 1075 1177 aetate
1092 1117 1214 1197 essent,
1240 1113 1394 1177 multum

209 1217 398 1282 abhorrere.

315 1326 435 1410 Itaque
459 1347 583 1409 eorum,
609 1325 668 1411 qui
691 1326 956 1412 aXenophonte
980 1325 1243 1391 abiudicandum
1258 1334 1393 1414 putant

210 1418 397 1519 epilogum,
421 1433 609 1497 rationibus
621 1427 645 1512 ¹)
669 1432 755 1497 mihi
778 1432 824 1516 id,
850 1432 939 1518 quod
962 1433 1160 1516 voluerunt,
1185 1456 1394 1520 persuasum

210 1562 280 1605 non
315 1545 381 1624 est,
416 1540 616 1626 praesertim
648 1563 724 1605 cum
747 1562 817 1605 non
844 1539 944 1605 modo
972 1540 1013 1604 ab
1041 1539 1191 1625 homine,
1217 1541 1276 1626 qui
1310 1565 1393 1608 suae

210 1646 331 1713 aetatis
355 1647 535 1712 Persarum
558 1670 668 1712 mores
692 1647 837 1712 interius
862 1648 1018 1734 cognitos
1042 1647 1170 1732 habuit,
1196 1647 1260 1713 hoc
1285 1657 1394 1736 caput

211 1755 375 1841 scriptum
392 1777 464 1820 0000
481 1754 647 1840 videatur,
672 1754 732 1820 sed
748 1755 852 1820 etiarn
867 1754 904 1819 in
922 1777 959 1820 eo
976 1755 1084 1820 insint
1100 1755 1275 1840 quaedam,
1304 1780 1394 1842 quae

210 1870 249 1928 ut
273 1886 292 1927 a
308 1862 540 1948 Xenophonte
556 1863 721 1948 scriptum
738 1885 810 1927 esse
828 1861 1025 1946 iudicemuS,
1050 1862 1190 1927 suadere
1213 1862 1393 1950 videntur,

211 1971 306 2035 velut
329 1970 452 2057 pietas,
478 1992 544 2054 qua
567 1993 587 2034 0
610 1968 677 2034 diis
701 1975 735 2034 et
758 1969 926 2056 religione
950 1968 1148 2056 disputandi
1171 1968 1317 2035 initium
1343 1971 1392 2056 fit,

212 2083 247 2142 01
269 2069 464 2157 σεμνολογία
488 2078 519 2157 (5
544 2073 677 2160 1011),
703 2099 788 2162 quae
811 2076 1027 2142 Athenaeum
1050 2076 1093 2141 ad
1117 2098 1265 2141 errorem
1289 2077 1393 2143 illum

210 2185 392 2250 ridiculum
416 2184 561 2267 seduxit,
586 2191 625 2248 11
648 2176 830 2266 προχοίδας
854 2181 887 2266 (ξ
914 2182 969 2266 10)
993 2175 1128 2257 κύλικας
1151 2206 1224 2248 0000
1249 2191 1394 2270 putaret

211 2290 351 2378 (Athen.
376 2292 432 2356 XI
453 2291 542 2372 496).
574 2292 747 2378 Imprimis
768 2298 881 2356 autem
906 2291 1070 2377 epilogus,
1095 2290 1124 2356 si
1141 2291 1393 2376 suppositicius

211 2406 309 2484 00001,
334 2399 431 2464 brevi
455 2399 523 2463 iam
546 2405 698 2485 tempore
721 2405 800 2486 post
816 2398 1058 2485 Xenophontis
1083 2404 1225 2463 mortem
1249 2397 1393 2466 additus

211 2531 285 2573 esse
309 2507 457 2572 deberet.
504 2508 613 2571 Nemo
642 2507 734 2570 enim
764 2506 895 2591 viginti
918 2505 1067 2591 quinque
1090 2505 1162 2570 fere
1187 2505 1287 2570 annis
1314 2513 1394 2594 post

211 2615 457 2701 Xenophontis
473 2619 617 2678 mortem
634 2612 812 2700 opprobria
828 2613 865 2677 in
880 2635 979 2699 reges
1000 2614 1180 2677 Persarum
1204 2634 1393 2699 congerere

211 2723 338 2810 potuit,
374 2744 450 2788 oum
473 2720 561 2785 nulli
584 2721 652 2785 iam
675 2744 773 2807 reges
798 2727 926 2804 essent;
961 2742 1071 2806 neque
1096 2720 1202 2805 siquis
1226 2720 1292 2785 hoc
1318 2723 1393 2787 ani-

211 2853 305 2895 mum
329 2829 529 2914 induxisset,
567 2829 749 2914 quominus
774 2850 812 2893 00
836 2827 1033 2892 testimonio
1056 2832 1209 2892 uteretur
1232 2827 1393 2894 abstinu-

212 2938 311 3022 isset,
348 2936 437 3022 quod
472 2936 624 3002 omnium
648 2936 741 3000 illius
765 2934 887 3000 aetatis
916 2936 1123 3001 Graecorum
1157 2941 1236 2999 ante
1272 2937 1394 3002 oculos

213 3050 299 3128 erat,
334 3043 524 3108 Alexandri
553 3044 673 3128 Magni
696 3043 796 3108 rebus
820 3043 927 3127 gestis
951 3042 1198 3127 Persarumque
1223 3041 1394 3110 cladibus.

215 3152 440 3230 Quamobrem
462 3150 696 3216 Beokhausius
725 3150 780 3230 (de
804 3149 1056 3236 Xenophonteo
1081 3149 1139 3234 qui
1162 3148 1271 3214 fertur
1297 3149 1395 3237 Age-

215 3260 298 3324 silao
314 3282 346 3345 p.
364 3257 419 3338 65)
445 3258 615 3345 epilogum
631 3259 749 3344 nepoti
762 3257 1013 3344 Xenophontio,
1040 3255 1163 3321 editori
1186 3256 1396 3342 scriptorum

214 3367 271 3432 avi
294 3389 313 3430 a
337 3389 373 3430 se
396 3366 476 3430 ficto
500 3365 631 3450 tribuit,
657 3365 699 3430 de
721 3388 786 3450 quo
803 3363 894 3429 infra
910 3366 976 3430 erit
992 3363 1172 3450 agendum.
1205 3363 1397 3430 Neminem

213 3496 295 3539 vero
320 3472 543 3539 Schenhelius
568 3472 811 3537 assentientem
834 3472 982 3556 habebit,
1008 3470 1067 3557 qui
1092 3494 1168 3536 eum
1191 3493 1292 3556 quem
1320 3473 1396 3538 Xe-

214 3581 352 3668 nophon
377 3581 523 3667 scripsit,
549 3581 721 3667 epilogum
745 3579 960 3666 deperditum
981 3601 1053 3643 esse
1075 3578 1247 3663 aliumque
1264 3600 1395 3668 suppo·

216 3689 367 3754 siticium
390 3712 410 3754 a
432 3689 530 3755 nobis
553 3688 624 3773 legi
648 3688 825 3753 contendit
849 3684 884 3769 (1.
908 3689 930 3753 1.
956 3694 990 3751 01
1013 3687 1103 3750 Χο1.
1127 3684 1222 3751 Stud.
1245 3685 1281 3750 H
1302 3688 1393 3774 145),

324 3903 351 3969 1)
387 3901 508 3956 Illorum
527 3900 706 3972 argumentis
725 3877 792 3955 addi
810 3904 913 3971 potest,
933 3899 1009 3969 quod
1027 3897 1174 3970 prooemio
1193 3897 1398 3968 Cynopaediae

216 3992 321 4064 plurali
350 3991 531 4046 maiestatico
556 3990 720 4061 Xenophon
749 3989 848 4059 utitur,
878 3988 940 4058 (cfr.
969 3987 1152 4058 potissimum
1175 3987 1190 4055 ᾗ
1210 3985 1246 4056 6),
1276 3988 1397 4061 epilogo

216 4081 360 4154 singulari
379 4081 474 4136 forma
494 4080 521 4150 (ξ
541 4081 595 4147 17).
627 4080 667 4133 At
686 4079 864 4150 prooemium
883 4078 1048 4149 Xenophon
1067 4095 1126 4131 non
1146 4094 1212 4130 cum
1231 4093 1306 4147 opus
1328 4095 1397 4132 con·

216 4171 325 4226 fectum
344 4171 472 4240 haberet,
491 4170 639 4241 scripsisse
658 4168 781 4240 videtur,
801 4169 850 4223 sed
870 4187 935 4222 cum
954 4167 1169 4238 aggrederetur.
1191 4196 1222 4204 -
1242 4165 1398 4223 Pluralem

128 4294 133 4304 ·
217 4260 431 4316 maiestatioum
450 4265 564 4331 praeter
584 4260 688 4330 Cyrop.
708 4258 723 4311 Ι
741 4258 817 4330 apud
836 4257 1060 4329 Xenophontem
1089 4274 1147 4310 non
1175 4254 1231 4309 nisi
1261 4255 1292 4309 in
1319 4256 1398 4313 libro

219 4351 254 4405 de
272 4368 303 4404 re
322 4350 450 4421 equestri
468 4349 572 4421 legisse
591 4347 710 4403 memini
734 4349 774 4416 (π.
795 4340 864 4402 Ἱππ.
884 4348 899 4402 I
919 4348 934 4400 1
954 4343 1026 4418 sqq).
