<?xml version="1.0" encoding="UTF-8"?>
<!DOCTYPE html PUBLIC "-//W3C//DTD XHTML 1.0 Transitional//EN"
    "http://www.w3.org/TR/xhtml1/DTD/xhtml1-transitional.dtd">
<html xmlns="http://www.w3.org/1999/xhtml" xml:lang="en" lang="en">
 <head>
  <title>
</title>
<meta http-equiv="Content-Type" content="text/html;charset=utf-8" />
  <meta name='ocr-system' content='tesseract 3.04.00' />
  <meta name='ocr-capabilities' content='ocr_page ocr_carea ocr_par ocr_line ocrx_word'/>
</head>
<body>
  <div class='ocr_page' id='page_1' title='image "./dexenophontisvi00roqugoog_0060.png"; bbox 0 0 2932 4874; ppageno 0'>
   <div class='ocr_carea' id='block_1_1' title="bbox 625 175 844 242">
    <p class='ocr_par' dir='ltr' id='par_1_1' title="bbox 625 175 844 242">
     <span class='ocr_line' id='line_1_1' title="bbox 625 175 844 242; baseline -0.018 -16"><span class='ocrx_word' id='word_1_1' title='bbox 625 175 756 242; x_wconf 54' lang='grc'>,47</span> <span class='ocrx_word' id='word_1_2' title='bbox 804 211 844 222; x_wconf 88' lang='grc'>...</span> 
     </span>
    </p>
   </div>
   <div class='ocr_carea' id='block_1_2' title="bbox 143 356 1411 1623">
    <p class='ocr_par' dir='ltr' id='par_1_2' title="bbox 143 356 1411 1623">
     <span class='ocr_line' id='line_1_2' title="bbox 144 356 1317 443; baseline 0 -21"><span class='ocrx_word' id='word_1_3' title='bbox 144 356 239 423; x_wconf 89' lang='lat' dir='ltr'>tione</span> <span class='ocrx_word' id='word_1_4' title='bbox 262 356 506 443; x_wconf 74' lang='lat' dir='ltr'>inclaruerunt,</span> <span class='ocrx_word' id='word_1_5' title='bbox 537 357 690 442; x_wconf 76' lang='lat' dir='ltr'>laudare,</span> <span class='ocrx_word' id='word_1_6' title='bbox 727 357 787 422; x_wconf 90' lang='lat' dir='ltr'>sed</span> <span class='ocrx_word' id='word_1_7' title='bbox 810 357 939 442; x_wconf 78' lang='lat' dir='ltr'>viginti</span> <span class='ocrx_word' id='word_1_8' title='bbox 965 379 1073 422; x_wconf 92' lang='lat' dir='ltr'>unum</span> <span class='ocrx_word' id='word_1_9' title='bbox 1095 363 1212 422; x_wconf 89' lang='lat' dir='ltr'>noster</span> <span class='ocrx_word' id='word_1_10' title='bbox 1236 378 1317 422; x_wconf 89' lang='lat' dir='ltr'>enu-</span> 
     </span>
     <span class='ocr_line' id='line_1_3' title="bbox 143 464 1318 551; baseline 0 -21"><span class='ocrx_word' id='word_1_11' title='bbox 143 471 267 549; x_wconf 88' lang='lat' dir='ltr'>merat,</span> <span class='ocrx_word' id='word_1_12' title='bbox 296 487 406 550; x_wconf 90' lang='lat' dir='ltr'>neque</span> <span class='ocrx_word' id='word_1_13' title='bbox 441 487 656 529; x_wconf 75' lang='lat' dir='ltr'>enumerasse</span> <span class='ocrx_word' id='word_1_14' title='bbox 692 465 774 529; x_wconf 89' lang='lat' dir='ltr'>satis</span> <span class='ocrx_word' id='word_1_15' title='bbox 809 464 929 550; x_wconf 86' lang='lat' dir='ltr'>habet,</span> <span class='ocrx_word' id='word_1_16' title='bbox 965 464 1024 530; x_wconf 91' lang='lat' dir='ltr'>sed</span> <span class='ocrx_word' id='word_1_17' title='bbox 1059 487 1136 529; x_wconf 93' lang='lat' dir='ltr'>cum</span> <span class='ocrx_word' id='word_1_18' title='bbox 1170 464 1318 551; x_wconf 91' lang='lat' dir='ltr'>primum</span> 
     </span>
     <span class='ocr_line' id='line_1_4' title="bbox 144 572 1317 660; baseline 0 -23"><span class='ocrx_word' id='word_1_19' title='bbox 144 573 286 638; x_wconf 91' lang='lat' dir='ltr'>nomina</span> <span class='ocrx_word' id='word_1_20' title='bbox 312 572 411 637; x_wconf 91' lang='lat' dir='ltr'>modo</span> <span class='ocrx_word' id='word_1_21' title='bbox 447 573 614 657; x_wconf 89' lang='lat' dir='ltr'>attulerit,</span> <span class='ocrx_word' id='word_1_22' title='bbox 652 572 805 658; x_wconf 86' lang='lat' dir='ltr'>singulos</span> <span class='ocrx_word' id='word_1_23' title='bbox 840 572 964 637; x_wconf 89' lang='lat' dir='ltr'>deindo</span> <span class='ocrx_word' id='word_1_24' title='bbox 991 572 1131 660; x_wconf 88' lang='lat' dir='ltr'>repetit,</span> <span class='ocrx_word' id='word_1_25' title='bbox 1165 595 1317 657; x_wconf 88' lang='lat' dir='ltr'>narrans,</span> 
     </span>
     <span class='ocr_line' id='line_1_5' title="bbox 146 679 1320 767; baseline 0 -23"><span class='ocrx_word' id='word_1_26' title='bbox 146 686 308 765; x_wconf 89' lang='lat' dir='ltr'>quantam</span> <span class='ocrx_word' id='word_1_27' title='bbox 343 679 410 744; x_wconf 89' lang='lat' dir='ltr'>sibi</span> <span class='ocrx_word' id='word_1_28' title='bbox 443 679 578 744; x_wconf 89' lang='lat' dir='ltr'>laudem</span> <span class='ocrx_word' id='word_1_29' title='bbox 613 680 818 767; x_wconf 78' lang='lat' dir='ltr'>pepererint.</span> <span class='ocrx_word' id='word_1_30' title='bbox 881 681 1000 765; x_wconf 88' lang='lat' dir='ltr'>Neque</span> <span class='ocrx_word' id='word_1_31' title='bbox 1038 703 1146 766; x_wconf 87' lang='lat' dir='ltr'>genus</span> <span class='ocrx_word' id='word_1_32' title='bbox 1182 679 1320 745; x_wconf 91' lang='lat' dir='ltr'>dicendi</span> 
     </span>
     <span class='ocr_line' id='line_1_6' title="bbox 145 786 1319 875; baseline 0 -23"><span class='ocrx_word' id='word_1_33' title='bbox 145 810 248 873; x_wconf 92' lang='lat' dir='ltr'>quam</span> <span class='ocrx_word' id='word_1_34' title='bbox 270 809 340 852; x_wconf 88' lang='lat' dir='ltr'>non</span> <span class='ocrx_word' id='word_1_35' title='bbox 361 786 531 852; x_wconf 80' lang='lat' dir='ltr'>variatum</span> <span class='ocrx_word' id='word_1_36' title='bbox 555 788 613 872; x_wconf 88' lang='lat' dir='ltr'>sit,</span> <span class='ocrx_word' id='word_1_37' title='bbox 638 787 980 873; x_wconf 87' lang='lat' dir='ltr'>praetermittendum</span> <span class='ocrx_word' id='word_1_38' title='bbox 1004 810 1077 852; x_wconf 91' lang='lat' dir='ltr'>esse</span> <span class='ocrx_word' id='word_1_39' title='bbox 1100 793 1197 875; x_wconf 89' lang='lat' dir='ltr'>puto;</span> <span class='ocrx_word' id='word_1_40' title='bbox 1233 787 1319 852; x_wconf 86' lang='lat' dir='ltr'>duae</span> 
     </span>
     <span class='ocr_line' id='line_1_7' title="bbox 145 893 1319 982; baseline 0.002 -24"><span class='ocrx_word' id='word_1_41' title='bbox 145 894 240 958; x_wconf 91' lang='lat' dir='ltr'>enim</span> <span class='ocrx_word' id='word_1_42' title='bbox 263 893 427 959; x_wconf 88' lang='lat' dir='ltr'>formulae</span> <span class='ocrx_word' id='word_1_43' title='bbox 452 901 541 979; x_wconf 88' lang='lat' dir='ltr'>sunt,</span> <span class='ocrx_word' id='word_1_44' title='bbox 567 894 689 980; x_wconf 91' lang='lat' dir='ltr'>quibus</span> <span class='ocrx_word' id='word_1_45' title='bbox 713 895 837 982; x_wconf 87' lang='lat' dir='ltr'>inhoc</span> <span class='ocrx_word' id='word_1_46' title='bbox 853 895 965 982; x_wconf 90' lang='lat' dir='ltr'>capite</span> <span class='ocrx_word' id='word_1_47' title='bbox 988 895 1113 960; x_wconf 91' lang='lat' dir='ltr'>iterum</span> <span class='ocrx_word' id='word_1_48' title='bbox 1129 895 1319 980; x_wconf 78' lang='lat' dir='ltr'>iterumque</span> 
     </span>
     <span class='ocr_line' id='line_1_8' title="bbox 145 996 1318 1088; baseline -0.003 -22"><span class='ocrx_word' id='word_1_49' title='bbox 145 1001 305 1088; x_wconf 90' lang='lat' dir='ltr'>repetitis</span> <span class='ocrx_word' id='word_1_50' title='bbox 327 1002 470 1088; x_wconf 88' lang='lat' dir='ltr'>scriptor</span> <span class='ocrx_word' id='word_1_51' title='bbox 485 1002 650 1085; x_wconf 69' lang='lat' dir='ltr'>abutitur,</span> <span class='ocrx_word' id='word_1_52' title='bbox 676 1001 761 1068; x_wconf 90' lang='lat' dir='ltr'>dicit</span> <span class='ocrx_word' id='word_1_53' title='bbox 788 1003 881 1067; x_wconf 91' lang='lat' dir='ltr'>enim</span> <span class='ocrx_word' id='word_1_54' title='bbox 908 1008 981 1067; x_wconf 91' lang='lat' dir='ltr'>aut:</span> <span class='ocrx_word' id='word_1_55' title='bbox 1005 1001 1161 1076; x_wconf 80' lang='grc' dir='ltr'><em>τοσοῦτος</em></span> <span class='ocrx_word' id='word_1_56' title='bbox 1185 996 1318 1083; x_wconf 76' lang='grc' dir='ltr'><em>ἐγένετο,</em></span> 
     </span>
     <span class='ocr_line' id='line_1_9' title="bbox 146 1098 1411 1193; baseline 0.006 -25"><span class='ocrx_word' id='word_1_57' title='bbox 146 1098 231 1170; x_wconf 74' lang='grc' dir='ltr'><em>ὥστε</em></span> <span class='ocrx_word' id='word_1_58' title='bbox 265 1109 297 1188; x_wconf 66' lang='grc' dir='ltr'>(ξ</span> <span class='ocrx_word' id='word_1_59' title='bbox 321 1105 369 1192; x_wconf 82' lang='grc'>9);</span> <span class='ocrx_word' id='word_1_60' title='bbox 406 1108 543 1170; x_wconf 73' lang='grc' dir='ltr'><em>τοσοῦτο</em></span> <span class='ocrx_word' id='word_1_61' title='bbox 578 1101 735 1193; x_wconf 63' lang='grc' dir='ltr'><em>ὑπερέσχε</em></span> <span class='ocrx_word' id='word_1_62' title='bbox 770 1103 964 1193; x_wconf 75' lang='grc' dir='ltr'><em>φιλοπονίᾳ,</em></span> <span class='ocrx_word' id='word_1_63' title='bbox 1002 1098 1085 1170; x_wconf 72' lang='grc' dir='ltr'><em>ὥστε</em></span> <span class='ocrx_word' id='word_1_64' title='bbox 1121 1107 1155 1193; x_wconf 65' lang='grc' dir='ltr'>(ξ</span> <span class='ocrx_word' id='word_1_65' title='bbox 1186 1110 1215 1175; x_wconf 82' lang='grc'>7.</span> <span class='ocrx_word' id='word_1_66' title='bbox 1249 1106 1318 1193; x_wconf 80' lang='grc'>12);</span> <span class='ocrx_word' id='word_1_67' title='bbox 1408 1136 1411 1140; x_wconf 92' lang='grc'><strong><em>·</em></strong></span> 
     </span>
     <span class='ocr_line' id='line_1_10' title="bbox 144 1198 1320 1302; baseline 0.004 -26"><span class='ocrx_word' id='word_1_68' title='bbox 144 1208 308 1301; x_wconf 78' lang='grc' dir='ltr'>τοσαύτης</span> <span class='ocrx_word' id='word_1_69' title='bbox 331 1208 438 1294; x_wconf 73' lang='grc' dir='ltr'><em>ἔτυχεν</em></span> <span class='ocrx_word' id='word_1_70' title='bbox 461 1205 616 1293; x_wconf 65' lang='grc' dir='ltr'><em>εὐκλείας,</em></span> <span class='ocrx_word' id='word_1_71' title='bbox 653 1205 736 1278; x_wconf 73' lang='grc' dir='ltr'>ὥστε</span> <span class='ocrx_word' id='word_1_72' title='bbox 760 1218 791 1297; x_wconf 68' lang='grc' dir='ltr'>(ξ</span> <span class='ocrx_word' id='word_1_73' title='bbox 807 1213 873 1301; x_wconf 83' lang='lat'>14),</span> <span class='ocrx_word' id='word_1_74' title='bbox 896 1217 1017 1302; x_wconf 91' lang='lat' dir='ltr'>quibus</span> <span class='ocrx_word' id='word_1_75' title='bbox 1045 1198 1210 1282; x_wconf 35' lang='lat' dir='ltr'>addenda*</span> <span class='ocrx_word' id='word_1_76' title='bbox 1230 1224 1320 1302; x_wconf 90' lang='lat' dir='ltr'>sunt,</span> 
     </span>
     <span class='ocr_line' id='line_1_11' title="bbox 146 1317 1320 1410; baseline -0.004 -22"><span class='ocrx_word' id='word_1_77' title='bbox 146 1347 233 1409; x_wconf 92' lang='lat' dir='ltr'>quae</span> <span class='ocrx_word' id='word_1_78' title='bbox 249 1324 375 1390; x_wconf 79' lang='lat' dir='ltr'><strong>similia</strong></span> <span class='ocrx_word' id='word_1_79' title='bbox 390 1325 551 1410; x_wconf 81' lang='lat' dir='ltr'>leguntur</span> <span class='ocrx_word' id='word_1_80' title='bbox 567 1326 608 1403; x_wconf 66' lang='grc' dir='ltr'>ἓξ</span> <span class='ocrx_word' id='word_1_81' title='bbox 624 1326 673 1390; x_wconf 81' lang='grc'>15.</span> <span class='ocrx_word' id='word_1_82' title='bbox 691 1326 741 1409; x_wconf 83' lang='grc'>16,</span> <span class='ocrx_word' id='word_1_83' title='bbox 761 1331 835 1389; x_wconf 91' lang='lat' dir='ltr'>aut:</span> <span class='ocrx_word' id='word_1_84' title='bbox 862 1319 1054 1408; x_wconf 69' lang='grc' dir='ltr'><em>Μελέαγρος</em></span> <span class='ocrx_word' id='word_1_85' title='bbox 1071 1318 1106 1385; x_wconf 72' lang='grc' dir='ltr'>δὲ</span> <span class='ocrx_word' id='word_1_86' title='bbox 1123 1317 1182 1397; x_wconf 70' lang='grc' dir='ltr'>τὰς</span> <span class='ocrx_word' id='word_1_87' title='bbox 1197 1318 1257 1402; x_wconf 77' lang='grc' dir='ltr'>μὲν</span> <span class='ocrx_word' id='word_1_88' title='bbox 1272 1345 1320 1384; x_wconf 78' lang='grc' dir='ltr'>τι-</span> 
     </span>
     <span class='ocr_line' id='line_1_12' title="bbox 144 1417 1320 1516; baseline -0.001 -25"><span class='ocrx_word' id='word_1_89' title='bbox 144 1422 212 1510; x_wconf 77' lang='grc' dir='ltr'>μὰς</span> <span class='ocrx_word' id='word_1_90' title='bbox 236 1417 274 1504; x_wconf 73' lang='grc' dir='ltr'>ἃς</span> <span class='ocrx_word' id='word_1_91' title='bbox 291 1423 386 1510; x_wconf 67' lang='grc' dir='ltr'><em>ἔλαβε</em></span> <span class='ocrx_word' id='word_1_92' title='bbox 402 1424 550 1516; x_wconf 78' lang='grc' dir='ltr'><em>φανεραί·</em></span> <span class='ocrx_word' id='word_1_93' title='bbox 575 1423 704 1515; x_wconf 76' lang='grc' dir='ltr'><em>πατρὸς</em></span> <span class='ocrx_word' id='word_1_94' title='bbox 727 1425 763 1491; x_wconf 70' lang='lat' dir='ltr'>dd</span> <span class='ocrx_word' id='word_1_95' title='bbox 777 1478 784 1491; x_wconf 89' lang='lat'>.</span> <span class='ocrx_word' id='word_1_96' title='bbox 799 1479 806 1491; x_wconf 97' lang='lat'>.</span> <span class='ocrx_word' id='word_1_97' title='bbox 822 1479 851 1507; x_wconf 91' lang='lat'>.,</span> <span class='ocrx_word' id='word_1_98' title='bbox 879 1423 1003 1516; x_wconf 74' lang='grc' dir='ltr'><em>Θησεύς</em></span> <span class='ocrx_word' id='word_1_99' title='bbox 1027 1425 1063 1491; x_wconf 76' lang='grc' dir='ltr'>δὲ</span> <span class='ocrx_word' id='word_1_100' title='bbox 1087 1423 1162 1504; x_wconf 76' lang='grc' dir='ltr'>’σούς</span> <span class='ocrx_word' id='word_1_101' title='bbox 1185 1424 1245 1510; x_wconf 72' lang='grc' dir='ltr'>μὲν</span> <span class='ocrx_word' id='word_1_102' title='bbox 1268 1425 1320 1508; x_wconf 77' lang='grc' dir='ltr'>ἕχ-</span> 
     </span>
     <span class='ocr_line' id='line_1_13' title="bbox 144 1527 1320 1623; baseline 0 -25"><span class='ocrx_word' id='word_1_103' title='bbox 144 1529 271 1622; x_wconf 74' lang='grc' dir='ltr'><em>θρούς.</em></span> <span class='ocrx_word' id='word_1_104' title='bbox 288 1585 294 1599; x_wconf 94' lang='grc'><strong>.</strong></span> <span class='ocrx_word' id='word_1_105' title='bbox 310 1586 338 1615; x_wconf 86' lang='grc'>.,</span> <span class='ocrx_word' id='word_1_106' title='bbox 355 1530 414 1623; x_wconf 76' lang='grc' dir='ltr'>τὴν</span> <span class='ocrx_word' id='word_1_107' title='bbox 426 1533 461 1598; x_wconf 72' lang='grc' dir='ltr'>δὲ</span> <span class='ocrx_word' id='word_1_108' title='bbox 474 1532 622 1622; x_wconf 69' lang='grc' dir='ltr'><em>πατρίδα</em></span> <span class='ocrx_word' id='word_1_109' title='bbox 636 1586 643 1598; x_wconf 93' lang='grc'><strong>.</strong></span> <span class='ocrx_word' id='word_1_110' title='bbox 659 1586 665 1598; x_wconf 93' lang='grc'><strong><em>.</em></strong></span> <span class='ocrx_word' id='word_1_111' title='bbox 680 1587 687 1616; x_wconf 83' lang='grc'>,</span> <span class='ocrx_word' id='word_1_112' title='bbox 710 1527 909 1612; x_wconf 61' lang='lat' dir='ltr'>‘landinum</span> <span class='ocrx_word' id='word_1_113' title='bbox 925 1533 961 1598; x_wconf 61' lang='lat' dir='ltr'>de*</span> <span class='ocrx_word' id='word_1_114' title='bbox 977 1527 1045 1599; x_wconf 72' lang='grc' dir='ltr'>ὑπὸ</span> <span class='ocrx_word' id='word_1_115' title='bbox 1061 1532 1121 1617; x_wconf 74' lang='grc' dir='ltr'>μὲν</span> <span class='ocrx_word' id='word_1_116' title='bbox 1136 1537 1194 1623; x_wconf 76' lang='grc' dir='ltr'>τῆς</span> <span class='ocrx_word' id='word_1_117' title='bbox 1207 1527 1320 1621; x_wconf 63' lang='lat' dir='ltr'>&#39;Apud-</span> 
     </span>
    </p>
   </div>
   <div class='ocr_carea' id='block_1_3' title="bbox 145 1637 1322 1840">
    <p class='ocr_par' dir='ltr' id='par_1_3' title="bbox 145 1637 1322 1840">
     <span class='ocr_line' id='line_1_14' title="bbox 145 1637 1319 1731; baseline -0.001 -25"><span class='ocrx_word' id='word_1_118' title='bbox 145 1641 264 1725; x_wconf 79' lang='grc' dir='ltr'><em>μιδος.</em></span> <span class='ocrx_word' id='word_1_119' title='bbox 281 1693 288 1706; x_wconf 93' lang='grc'><strong>.</strong></span> <span class='ocrx_word' id='word_1_120' title='bbox 304 1693 310 1706; x_wconf 95' lang='grc'><strong>.</strong></span> <span class='ocrx_word' id='word_1_121' title='bbox 326 1693 333 1705; x_wconf 93' lang='grc'><strong>.</strong></span> <span class='ocrx_word' id='word_1_122' title='bbox 358 1637 569 1731; x_wconf 72' lang='grc' dir='ltr'><em>σωφροσύνης</em></span> <span class='ocrx_word' id='word_1_123' title='bbox 592 1640 648 1706; x_wconf 70' lang='grc' dir='ltr'>δὲ.</span> <span class='ocrx_word' id='word_1_124' title='bbox 665 1693 671 1706; x_wconf 95' lang='grc'><strong><em>.</em></strong></span> <span class='ocrx_word' id='word_1_125' title='bbox 687 1693 714 1721; x_wconf 90' lang='grc'>.,</span> <span class='ocrx_word' id='word_1_126' title='bbox 739 1637 946 1730; x_wconf 73' lang='grc' dir='ltr'><em>Παλαμήδης</em></span> <span class='ocrx_word' id='word_1_127' title='bbox 962 1639 997 1705; x_wconf 73' lang='grc' dir='ltr'>δὲ</span> <span class='ocrx_word' id='word_1_128' title='bbox 1014 1638 1075 1720; x_wconf 65' lang='grc' dir='ltr'>ἕως</span> <span class='ocrx_word' id='word_1_129' title='bbox 1090 1640 1150 1724; x_wconf 74' lang='grc' dir='ltr'>μὲν</span> <span class='ocrx_word' id='word_1_130' title='bbox 1173 1637 1231 1729; x_wconf 71' lang='grc' dir='ltr'>ἔζη</span> <span class='ocrx_word' id='word_1_131' title='bbox 1246 1693 1253 1705; x_wconf 93' lang='grc'><strong>.</strong></span> <span class='ocrx_word' id='word_1_132' title='bbox 1268 1693 1275 1706; x_wconf 94' lang='grc'><strong>.</strong></span> <span class='ocrx_word' id='word_1_133' title='bbox 1291 1693 1297 1707; x_wconf 93' lang='grc'><strong>.</strong></span> <span class='ocrx_word' id='word_1_134' title='bbox 1313 1692 1319 1705; x_wconf 95' lang='grc'><strong>.</strong></span> 
     </span>
     <span class='ocr_line' id='line_1_15' title="bbox 146 1741 1322 1840; baseline -0.001 -27"><span class='ocrx_word' id='word_1_135' title='bbox 146 1741 333 1814; x_wconf 71' lang='grc' dir='ltr'><em>ἀποθανών</em></span> <span class='ocrx_word' id='word_1_136' title='bbox 361 1747 396 1812; x_wconf 72' lang='grc' dir='ltr'>δὲ</span> <span class='ocrx_word' id='word_1_137' title='bbox 411 1804 417 1818; x_wconf 90' lang='grc'><strong><em>.</em></strong></span> <span class='ocrx_word' id='word_1_138' title='bbox 433 1799 439 1813; x_wconf 94' lang='grc'><strong>.</strong></span> <span class='ocrx_word' id='word_1_139' title='bbox 456 1800 485 1815; x_wconf 89' lang='grc'>..</span> <span class='ocrx_word' id='word_1_140' title='bbox 510 1751 569 1838; x_wconf 86' lang='grc'>(10</span> <span class='ocrx_word' id='word_1_141' title='bbox 592 1751 690 1840; x_wconf 85' lang='lat' dir='ltr'>sqq),</span> <span class='ocrx_word' id='word_1_142' title='bbox 722 1746 863 1826; x_wconf 78' lang='grc' dir='ltr'><em>Αἰνείας</em></span> <span class='ocrx_word' id='word_1_143' title='bbox 887 1748 922 1812; x_wconf 72' lang='grc' dir='ltr'>δὲ</span> <span class='ocrx_word' id='word_1_144' title='bbox 946 1744 1055 1826; x_wconf 78' lang='grc' dir='ltr'><em>σαίσας</em></span> <span class='ocrx_word' id='word_1_145' title='bbox 1075 1747 1134 1831; x_wconf 73' lang='grc' dir='ltr'>μὲν</span> <span class='ocrx_word' id='word_1_146' title='bbox 1148 1800 1154 1812; x_wconf 94' lang='grc'><strong><em>.</em></strong></span> <span class='ocrx_word' id='word_1_147' title='bbox 1170 1804 1176 1818; x_wconf 90' lang='grc'><strong><em>.</em></strong></span> <span class='ocrx_word' id='word_1_148' title='bbox 1192 1744 1322 1826; x_wconf 76' lang='grc' dir='ltr'><em>,σώσας</em></span> 
     </span>
    </p>
   </div>
   <div class='ocr_carea' id='block_1_4' title="bbox 145 1854 1387 4089">
    <p class='ocr_par' dir='ltr' id='par_1_4' title="bbox 145 1854 1323 2378">
     <span class='ocr_line' id='line_1_16' title="bbox 147 1854 1319 1947; baseline 0.004 -27"><span class='ocrx_word' id='word_1_149' title='bbox 147 1854 185 1920; x_wconf 73' lang='grc' dir='ltr'>δὲ</span> <span class='ocrx_word' id='word_1_150' title='bbox 199 1911 205 1926; x_wconf 91' lang='grc'><strong><em>.</em></strong></span> <span class='ocrx_word' id='word_1_151' title='bbox 221 1912 249 1926; x_wconf 88' lang='grc'>..</span> <span class='ocrx_word' id='word_1_152' title='bbox 275 1857 361 1944; x_wconf 81' lang='lat'>(15),</span> <span class='ocrx_word' id='word_1_153' title='bbox 380 1860 501 1945; x_wconf 87' lang='lat' dir='ltr'>quibus</span> <span class='ocrx_word' id='word_1_154' title='bbox 526 1861 650 1926; x_wconf 81' lang='lat' dir='ltr'><strong>similia</strong></span> <span class='ocrx_word' id='word_1_155' title='bbox 673 1860 883 1947; x_wconf 77' lang='lat' dir='ltr'>paragrapho</span> <span class='ocrx_word' id='word_1_156' title='bbox 907 1861 1010 1925; x_wconf 91' lang='lat' dir='ltr'>tertia</span> <span class='ocrx_word' id='word_1_157' title='bbox 1034 1859 1166 1924; x_wconf 91' lang='lat' dir='ltr'>decima</span> <span class='ocrx_word' id='word_1_158' title='bbox 1187 1883 1319 1945; x_wconf 90' lang='lat' dir='ltr'>quoque</span> 
     </span>
     <span class='ocr_line' id='line_1_17' title="bbox 145 1962 1320 2054; baseline 0 -22"><span class='ocrx_word' id='word_1_159' title='bbox 145 1969 320 2054; x_wconf 84' lang='lat' dir='ltr'>leguntur.</span> <span class='ocrx_word' id='word_1_160' title='bbox 366 1968 466 2033; x_wconf 85' lang='lat' dir='ltr'>Adde</span> <span class='ocrx_word' id='word_1_161' title='bbox 501 1969 591 2052; x_wconf 89' lang='lat' dir='ltr'>quod</span> <span class='ocrx_word' id='word_1_162' title='bbox 625 1969 677 2032; x_wconf 88' lang='lat' dir='ltr'>illi</span> <span class='ocrx_word' id='word_1_163' title='bbox 712 1963 867 2053; x_wconf 69' lang='grc' dir='ltr'><em>Κέφαλος</em></span> <span class='ocrx_word' id='word_1_164' title='bbox 889 1962 948 2046; x_wconf 77' lang='grc' dir='ltr'>μέν</span> <span class='ocrx_word' id='word_1_165' title='bbox 971 1967 1005 2051; x_wconf 66' lang='grc' dir='ltr'>(ξ</span> <span class='ocrx_word' id='word_1_166' title='bbox 1029 1967 1061 2046; x_wconf 83' lang='grc'>6)</span> <span class='ocrx_word' id='word_1_167' title='bbox 1096 1967 1227 2053; x_wconf 80' lang='lat' dir='ltr'>viginti</span> <span class='ocrx_word' id='word_1_168' title='bbox 1250 1967 1320 2032; x_wconf 85' lang='lat' dir='ltr'>fere</span> 
     </span>
     <span class='ocr_line' id='line_1_18' title="bbox 147 2069 1321 2162; baseline 0.003 -26"><span class='ocrx_word' id='word_1_169' title='bbox 147 2069 186 2136; x_wconf 79' lang='grc' dir='ltr'>δέ</span> <span class='ocrx_word' id='word_1_170' title='bbox 212 2075 453 2162; x_wconf 76' lang='lat' dir='ltr'>respondeant,</span> <span class='ocrx_word' id='word_1_171' title='bbox 482 2098 654 2160; x_wconf 87' lang='lat' dir='ltr'>nonquam</span> <span class='ocrx_word' id='word_1_172' title='bbox 681 2076 749 2140; x_wconf 90' lang='lat' dir='ltr'>alia</span> <span class='ocrx_word' id='word_1_173' title='bbox 770 2075 937 2162; x_wconf 90' lang='lat' dir='ltr'>particula</span> <span class='ocrx_word' id='word_1_174' title='bbox 960 2074 1154 2140; x_wconf 85' lang='lat' dir='ltr'>substituta.</span> <span class='ocrx_word' id='word_1_175' title='bbox 1200 2075 1321 2160; x_wconf 91' lang='lat' dir='ltr'>Itaque</span> 
     </span>
     <span class='ocr_line' id='line_1_19' title="bbox 147 2181 1323 2270; baseline -0.001 -22"><span class='ocrx_word' id='word_1_176' title='bbox 147 2183 287 2248; x_wconf 89' lang='lat' dir='ltr'>dicendi</span> <span class='ocrx_word' id='word_1_177' title='bbox 310 2183 507 2270; x_wconf 88' lang='lat' dir='ltr'>imperitum</span> <span class='ocrx_word' id='word_1_178' title='bbox 537 2189 638 2268; x_wconf 91' lang='lat' dir='ltr'>atque</span> <span class='ocrx_word' id='word_1_179' title='bbox 665 2182 785 2247; x_wconf 91' lang='lat' dir='ltr'>rudem</span> <span class='ocrx_word' id='word_1_180' title='bbox 808 2181 914 2247; x_wconf 85' lang='lat' dir='ltr'>fuisse</span> <span class='ocrx_word' id='word_1_181' title='bbox 954 2205 1040 2267; x_wconf 90' lang='lat' dir='ltr'>eum,</span> <span class='ocrx_word' id='word_1_182' title='bbox 1076 2182 1134 2266; x_wconf 94' lang='lat' dir='ltr'>qui</span> <span class='ocrx_word' id='word_1_183' title='bbox 1168 2181 1251 2247; x_wconf 91' lang='lat' dir='ltr'>haec</span> <span class='ocrx_word' id='word_1_184' title='bbox 1274 2183 1323 2247; x_wconf 88' lang='lat' dir='ltr'>ita</span> 
     </span>
     <span class='ocr_line' id='line_1_20' title="bbox 146 2290 549 2378; baseline 0 -23"><span class='ocrx_word' id='word_1_185' title='bbox 146 2290 286 2377; x_wconf 80' lang='lat' dir='ltr'>scripsit</span> <span class='ocrx_word' id='word_1_186' title='bbox 309 2291 377 2355; x_wconf 92' lang='lat' dir='ltr'>iam</span> <span class='ocrx_word' id='word_1_187' title='bbox 399 2296 549 2378; x_wconf 89' lang='lat' dir='ltr'>apparet.</span> 
     </span>
    </p>

    <p class='ocr_par' dir='ltr' id='par_1_5' title="bbox 145 2396 1387 4089">
     <span class='ocr_line' id='line_1_21' title="bbox 255 2396 1321 2484; baseline -0.001 -21"><span class='ocrx_word' id='word_1_188' title='bbox 255 2398 304 2463; x_wconf 81' lang='lat' dir='ltr'>At</span> <span class='ocrx_word' id='word_1_189' title='bbox 337 2399 486 2484; x_wconf 89' lang='lat' dir='ltr'>primum</span> <span class='ocrx_word' id='word_1_190' title='bbox 524 2398 632 2463; x_wconf 83' lang='lat' dir='ltr'>libelli</span> <span class='ocrx_word' id='word_1_191' title='bbox 671 2396 713 2461; x_wconf 89' lang='lat' dir='ltr'>de</span> <span class='ocrx_word' id='word_1_192' title='bbox 753 2397 943 2464; x_wconf 84' lang='lat' dir='ltr'>Venatione</span> <span class='ocrx_word' id='word_1_193' title='bbox 990 2403 1091 2482; x_wconf 90' lang='lat' dir='ltr'>caput</span> <span class='ocrx_word' id='word_1_194' title='bbox 1135 2397 1176 2462; x_wconf 91' lang='lat' dir='ltr'>ab</span> <span class='ocrx_word' id='word_1_195' title='bbox 1216 2397 1321 2462; x_wconf 90' lang='lat' dir='ltr'>inter-</span> 
     </span>
     <span class='ocr_line' id='line_1_22' title="bbox 145 2499 1321 2593; baseline 0.001 -24"><span class='ocrx_word' id='word_1_196' title='bbox 145 2505 298 2593; x_wconf 89' lang='lat' dir='ltr'>polatore</span> <span class='ocrx_word' id='word_1_197' title='bbox 337 2505 491 2571; x_wconf 88' lang='lat' dir='ltr'>additum</span> <span class='ocrx_word' id='word_1_198' title='bbox 537 2528 609 2570; x_wconf 87' lang='lat' dir='ltr'>esse</span> <span class='ocrx_word' id='word_1_199' title='bbox 653 2505 793 2593; x_wconf 88' lang='lat' dir='ltr'>plurimi</span> <span class='ocrx_word' id='word_1_200' title='bbox 832 2505 899 2570; x_wconf 88' lang='lat' dir='ltr'>viri</span> <span class='ocrx_word' id='word_1_201' title='bbox 940 2504 1032 2569; x_wconf 89' lang='lat' dir='ltr'>docti</span> <span class='ocrx_word' id='word_1_202' title='bbox 1073 2499 1321 2588; x_wconf 74' lang='lat' dir='ltr'>censuerunt1).</span> 
     </span>
     <span class='ocr_line' id='line_1_23' title="bbox 147 2611 1323 2700; baseline -0.001 -23"><span class='ocrx_word' id='word_1_203' title='bbox 147 2611 219 2690; x_wconf 81' lang='lat' dir='ltr'>Qui</span> <span class='ocrx_word' id='word_1_204' title='bbox 241 2635 325 2697; x_wconf 89' lang='lat' dir='ltr'>quae</span> <span class='ocrx_word' id='word_1_205' title='bbox 349 2620 549 2698; x_wconf 83' lang='lat' dir='ltr'>argumenta</span> <span class='ocrx_word' id='word_1_206' title='bbox 572 2613 753 2700; x_wconf 84' lang='lat' dir='ltr'>praecipue</span> <span class='ocrx_word' id='word_1_207' title='bbox 777 2636 819 2677; x_wconf 86' lang='lat' dir='ltr'>ex</span> <span class='ocrx_word' id='word_1_208' title='bbox 841 2612 982 2677; x_wconf 89' lang='lat' dir='ltr'>heroum</span> <span class='ocrx_word' id='word_1_209' title='bbox 1005 2611 1145 2697; x_wconf 83' lang='lat' dir='ltr'>fabulis,</span> <span class='ocrx_word' id='word_1_210' title='bbox 1182 2635 1323 2697; x_wconf 87' lang='lat' dir='ltr'>quarum</span> 
     </span>
     <span class='ocr_line' id='line_1_24' title="bbox 146 2719 1323 2807; baseline -0.002 -22"><span class='ocrx_word' id='word_1_211' title='bbox 146 2719 214 2785; x_wconf 91' lang='lat' dir='ltr'>hoc</span> <span class='ocrx_word' id='word_1_212' title='bbox 249 2721 321 2785; x_wconf 94' lang='lat' dir='ltr'>loco</span> <span class='ocrx_word' id='word_1_213' title='bbox 355 2720 483 2786; x_wconf 91' lang='lat' dir='ltr'>mentio</span> <span class='ocrx_word' id='word_1_214' title='bbox 507 2721 562 2806; x_wconf 86' lang='lat' dir='ltr'>fit,</span> <span class='ocrx_word' id='word_1_215' title='bbox 598 2721 781 2805; x_wconf 84' lang='lat' dir='ltr'>duxerunt,</span> <span class='ocrx_word' id='word_1_216' title='bbox 816 2721 944 2807; x_wconf 89' lang='lat' dir='ltr'>optime</span> <span class='ocrx_word' id='word_1_217' title='bbox 968 2719 1133 2784; x_wconf 88' lang='lat' dir='ltr'>refutavit</span> <span class='ocrx_word' id='word_1_218' title='bbox 1155 2719 1323 2784; x_wconf 89' lang='lat' dir='ltr'>Ruehlius</span> 
     </span>
     <span class='ocr_line' id='line_1_25' title="bbox 145 2816 1324 2915; baseline -0.002 -22"><span class='ocrx_word' id='word_1_219' title='bbox 145 2828 186 2894; x_wconf 86' lang='grc' dir='ltr'>Ζ.</span> <span class='ocrx_word' id='word_1_220' title='bbox 201 2816 239 2892; x_wconf 78' lang='grc'>0.</span> <span class='ocrx_word' id='word_1_221' title='bbox 254 2829 295 2893; x_wconf 77' lang='lat' dir='ltr'>G.</span> <span class='ocrx_word' id='word_1_222' title='bbox 309 2827 429 2892; x_wconf 89' lang='lat' dir='ltr'>XXXI</span> <span class='ocrx_word' id='word_1_223' title='bbox 439 2829 504 2892; x_wconf 83' lang='lat'>411</span> <span class='ocrx_word' id='word_1_224' title='bbox 519 2851 580 2913; x_wconf 91' lang='lat' dir='ltr'>sq.,</span> <span class='ocrx_word' id='word_1_225' title='bbox 595 2830 654 2913; x_wconf 89' lang='lat' dir='ltr'>qui</span> <span class='ocrx_word' id='word_1_226' title='bbox 668 2852 706 2893; x_wconf 93' lang='lat' dir='ltr'>ea</span> <span class='ocrx_word' id='word_1_227' title='bbox 717 2829 944 2915; x_wconf 92' lang='lat' dir='ltr'>potissimum,</span> <span class='ocrx_word' id='word_1_228' title='bbox 964 2850 1049 2912; x_wconf 92' lang='lat' dir='ltr'>quae</span> <span class='ocrx_word' id='word_1_229' title='bbox 1064 2827 1105 2891; x_wconf 89' lang='lat' dir='ltr'>de</span> <span class='ocrx_word' id='word_1_230' title='bbox 1117 2826 1235 2893; x_wconf 86' lang='lat' dir='ltr'>Aenea</span> <span class='ocrx_word' id='word_1_231' title='bbox 1246 2833 1324 2913; x_wconf 85' lang='lat' dir='ltr'>post</span> 
     </span>
     <span class='ocr_line' id='line_1_26' title="bbox 147 2934 1323 3021; baseline 0 -22"><span class='ocrx_word' id='word_1_232' title='bbox 147 2934 287 3021; x_wconf 78' lang='lat' dir='ltr'>Troiam</span> <span class='ocrx_word' id='word_1_233' title='bbox 312 2934 457 2999; x_wconf 91' lang='lat' dir='ltr'>deletam</span> <span class='ocrx_word' id='word_1_234' title='bbox 481 2935 517 2999; x_wconf 91' lang='lat' dir='ltr'>in</span> <span class='ocrx_word' id='word_1_235' title='bbox 541 2936 671 3000; x_wconf 82' lang='lat' dir='ltr'>Troade</span> <span class='ocrx_word' id='word_1_236' title='bbox 695 2935 867 3000; x_wconf 86' lang='lat' dir='ltr'>residente</span> <span class='ocrx_word' id='word_1_237' title='bbox 889 2934 946 2998; x_wconf 91' lang='lat' dir='ltr'>hic</span> <span class='ocrx_word' id='word_1_238' title='bbox 968 2940 1158 3018; x_wconf 90' lang='lat' dir='ltr'>narrantur,</span> <span class='ocrx_word' id='word_1_239' title='bbox 1183 2935 1243 2998; x_wconf 80' lang='lat' dir='ltr'>vix</span> <span class='ocrx_word' id='word_1_240' title='bbox 1265 2956 1323 3020; x_wconf 91' lang='lat' dir='ltr'>po-</span> 
     </span>
     <span class='ocr_line' id='line_1_27' title="bbox 147 3040 1325 3129; baseline -0.001 -22"><span class='ocrx_word' id='word_1_241' title='bbox 147 3042 290 3107; x_wconf 88' lang='lat' dir='ltr'>steriore</span> <span class='ocrx_word' id='word_1_242' title='bbox 314 3048 465 3129; x_wconf 91' lang='lat' dir='ltr'>tempore</span> <span class='ocrx_word' id='word_1_243' title='bbox 499 3066 600 3127; x_wconf 86' lang='lat' dir='ltr'>quam</span> <span class='ocrx_word' id='word_1_244' title='bbox 625 3050 775 3107; x_wconf 82' lang='lat' dir='ltr'>extremo</span> <span class='ocrx_word' id='word_1_245' title='bbox 811 3042 930 3127; x_wconf 90' lang='lat' dir='ltr'>quinto</span> <span class='ocrx_word' id='word_1_246' title='bbox 966 3043 1099 3106; x_wconf 89' lang='lat' dir='ltr'>saeculo</span> <span class='ocrx_word' id='word_1_247' title='bbox 1124 3042 1173 3106; x_wconf 90' lang='lat' dir='ltr'>ita</span> <span class='ocrx_word' id='word_1_248' title='bbox 1202 3040 1325 3106; x_wconf 86' lang='lat' dir='ltr'>referri</span> 
     </span>
     <span class='ocr_line' id='line_1_28' title="bbox 146 3148 1325 3238; baseline -0.002 -22"><span class='ocrx_word' id='word_1_249' title='bbox 146 3150 301 3238; x_wconf 88' lang='lat' dir='ltr'>potuisse</span> <span class='ocrx_word' id='word_1_250' title='bbox 326 3149 581 3215; x_wconf 84' lang='lat' dir='ltr'>demonstravit.</span> <span class='ocrx_word' id='word_1_251' title='bbox 631 3150 697 3227; x_wconf 80' lang='lat' dir='ltr'>Qui</span> <span class='ocrx_word' id='word_1_252' title='bbox 722 3172 807 3234; x_wconf 91' lang='lat' dir='ltr'>quae</span> <span class='ocrx_word' id='word_1_253' title='bbox 836 3149 1031 3215; x_wconf 90' lang='lat' dir='ltr'>doctissime</span> <span class='ocrx_word' id='word_1_254' title='bbox 1056 3148 1260 3236; x_wconf 85' lang='lat' dir='ltr'>disputavit,</span> <span class='ocrx_word' id='word_1_255' title='bbox 1286 3172 1325 3214; x_wconf 91' lang='lat' dir='ltr'>ea</span> 
     </span>
     <span class='ocr_line' id='line_1_29' title="bbox 146 3256 1324 3343; baseline -0.002 -20"><span class='ocrx_word' id='word_1_256' title='bbox 146 3278 273 3342; x_wconf 84' lang='lat' dir='ltr'>augere</span> <span class='ocrx_word' id='word_1_257' title='bbox 307 3263 408 3342; x_wconf 90' lang='lat' dir='ltr'>atque</span> <span class='ocrx_word' id='word_1_258' title='bbox 444 3257 642 3322; x_wconf 89' lang='lat' dir='ltr'>confirmare</span> <span class='ocrx_word' id='word_1_259' title='bbox 678 3280 776 3343; x_wconf 90' lang='lat' dir='ltr'>posse</span> <span class='ocrx_word' id='word_1_260' title='bbox 811 3257 896 3321; x_wconf 89' lang='lat' dir='ltr'>mihi</span> <span class='ocrx_word' id='word_1_261' title='bbox 931 3256 1064 3340; x_wconf 81' lang='lat' dir='ltr'>videor3</span> <span class='ocrx_word' id='word_1_262' title='bbox 1101 3280 1140 3321; x_wconf 91' lang='lat' dir='ltr'>ac</span> <span class='ocrx_word' id='word_1_263' title='bbox 1175 3257 1324 3343; x_wconf 93' lang='lat' dir='ltr'>primum</span> 
     </span>
     <span class='ocr_line' id='line_1_30' title="bbox 149 3363 1323 3451; baseline -0.001 -22"><span class='ocrx_word' id='word_1_264' title='bbox 149 3364 290 3451; x_wconf 88' lang='lat' dir='ltr'>quidem</span> <span class='ocrx_word' id='word_1_265' title='bbox 320 3373 559 3449; x_wconf 81' lang='lat' dir='ltr'>argumentum</span> <span class='ocrx_word' id='word_1_266' title='bbox 585 3364 753 3450; x_wconf 87' lang='lat' dir='ltr'>quoddam</span> <span class='ocrx_word' id='word_1_267' title='bbox 779 3387 820 3428; x_wconf 87' lang='lat' dir='ltr'>ex</span> <span class='ocrx_word' id='word_1_268' title='bbox 844 3363 981 3429; x_wconf 91' lang='lat' dir='ltr'>silentio</span> <span class='ocrx_word' id='word_1_269' title='bbox 996 3370 1109 3451; x_wconf 90' lang='lat' dir='ltr'>potest</span> <span class='ocrx_word' id='word_1_270' title='bbox 1133 3364 1221 3449; x_wconf 85' lang='lat' dir='ltr'>duci,</span> <span class='ocrx_word' id='word_1_271' title='bbox 1246 3387 1323 3428; x_wconf 92' lang='lat' dir='ltr'>cum</span> 
     </span>
     <span class='ocr_line' id='line_1_31' title="bbox 147 3472 1325 3558; baseline 0 -20"><span class='ocrx_word' id='word_1_272' title='bbox 147 3494 326 3556; x_wconf 90' lang='lat' dir='ltr'>nunquam</span> <span class='ocrx_word' id='word_1_273' title='bbox 342 3472 445 3558; x_wconf 90' lang='lat' dir='ltr'>primi</span> <span class='ocrx_word' id='word_1_274' title='bbox 461 3473 581 3558; x_wconf 91' lang='lat' dir='ltr'>capitis</span> <span class='ocrx_word' id='word_1_275' title='bbox 599 3478 715 3537; x_wconf 89' lang='lat' dir='ltr'>auctor</span> <span class='ocrx_word' id='word_1_276' title='bbox 728 3472 841 3556; x_wconf 89' lang='lat' dir='ltr'>aliqua</span> <span class='ocrx_word' id='word_1_277' title='bbox 856 3472 1024 3558; x_wconf 89' lang='lat' dir='ltr'>particula</span> <span class='ocrx_word' id='word_1_278' title='bbox 1039 3478 1165 3555; x_wconf 89' lang='lat' dir='ltr'>utatur,</span> <span class='ocrx_word' id='word_1_279' title='bbox 1182 3494 1268 3557; x_wconf 91' lang='lat' dir='ltr'>quae</span> <span class='ocrx_word' id='word_1_280' title='bbox 1284 3472 1325 3538; x_wconf 92' lang='lat' dir='ltr'>ab</span> 
     </span>
     <span class='ocr_line' id='line_1_32' title="bbox 153 3578 1353 3665; baseline -0.003 -19"><span class='ocrx_word' id='word_1_281' title='bbox 153 3603 220 3646; x_wconf 92' lang='lat' dir='ltr'>usu</span> <span class='ocrx_word' id='word_1_282' title='bbox 236 3578 318 3644; x_wconf 90' lang='lat' dir='ltr'>libri</span> <span class='ocrx_word' id='word_1_283' title='bbox 333 3579 521 3664; x_wconf 89' lang='lat' dir='ltr'>abhorreat,</span> <span class='ocrx_word' id='word_1_284' title='bbox 538 3581 683 3644; x_wconf 92' lang='lat' dir='ltr'>alterum</span> <span class='ocrx_word' id='word_1_285' title='bbox 700 3578 823 3644; x_wconf 92' lang='lat' dir='ltr'>deinde</span> <span class='ocrx_word' id='word_1_286' title='bbox 841 3602 882 3643; x_wconf 87' lang='lat' dir='ltr'>ex</span> <span class='ocrx_word' id='word_1_287' title='bbox 898 3601 937 3644; x_wconf 89' lang='lat' dir='ltr'>ea</span> <span class='ocrx_word' id='word_1_288' title='bbox 952 3601 998 3663; x_wconf 90' lang='lat' dir='ltr'>re,</span> <span class='ocrx_word' id='word_1_289' title='bbox 1023 3578 1112 3663; x_wconf 91' lang='lat' dir='ltr'>quod</span> <span class='ocrx_word' id='word_1_290' title='bbox 1127 3578 1207 3643; x_wconf 90' lang='lat' dir='ltr'>huic</span> <span class='ocrx_word' id='word_1_291' title='bbox 1223 3578 1328 3665; x_wconf 88' lang='lat' dir='ltr'>capiti</span> <span class='ocrx_word' id='word_1_292' title='bbox 1351 3582 1353 3586; x_wconf 79' lang='grc'><strong>’</strong></span> 
     </span>
     <span class='ocr_line' id='line_1_33' title="bbox 151 3684 1327 3774; baseline -0.003 -22"><span class='ocrx_word' id='word_1_293' title='bbox 151 3687 325 3753; x_wconf 89' lang='lat' dir='ltr'>simillima</span> <span class='ocrx_word' id='word_1_294' title='bbox 350 3693 401 3751; x_wconf 89' lang='lat' dir='ltr'>est</span> <span class='ocrx_word' id='word_1_295' title='bbox 426 3687 574 3752; x_wconf 91' lang='lat' dir='ltr'>secunda</span> <span class='ocrx_word' id='word_1_296' title='bbox 597 3688 695 3752; x_wconf 88' lang='lat' dir='ltr'>tertii</span> <span class='ocrx_word' id='word_1_297' title='bbox 729 3686 852 3774; x_wconf 91' lang='lat' dir='ltr'>capitis</span> <span class='ocrx_word' id='word_1_298' title='bbox 881 3687 1125 3773; x_wconf 86' lang='lat' dir='ltr'>paragraphus;</span> <span class='ocrx_word' id='word_1_299' title='bbox 1162 3684 1222 3749; x_wconf 92' lang='lat' dir='ltr'>ubi</span> <span class='ocrx_word' id='word_1_300' title='bbox 1250 3707 1327 3750; x_wconf 91' lang='lat' dir='ltr'>cum</span> 
     </span>
     <span class='ocr_line' id='line_1_34' title="bbox 151 3792 1387 3880; baseline -0.006 -18"><span class='ocrx_word' id='word_1_301' title='bbox 151 3796 237 3862; x_wconf 79' lang='lat' dir='ltr'>vitia</span> <span class='ocrx_word' id='word_1_302' title='bbox 270 3793 466 3880; x_wconf 87' lang='lat' dir='ltr'>Xenophon</span> <span class='ocrx_word' id='word_1_303' title='bbox 490 3801 679 3879; x_wconf 86' lang='lat' dir='ltr'>enumeret,</span> <span class='ocrx_word' id='word_1_304' title='bbox 716 3795 838 3879; x_wconf 88' lang='lat' dir='ltr'>quibus</span> <span class='ocrx_word' id='word_1_305' title='bbox 874 3794 967 3859; x_wconf 88' lang='lat' dir='ltr'>canis</span> <span class='ocrx_word' id='word_1_306' title='bbox 1002 3793 1159 3858; x_wconf 90' lang='lat' dir='ltr'>venatori</span> <span class='ocrx_word' id='word_1_307' title='bbox 1193 3792 1326 3856; x_wconf 89' lang='lat' dir='ltr'>inutilis</span> <span class='ocrx_word' id='word_1_308' title='bbox 1384 3810 1387 3817; x_wconf 86' lang='lat'>·</span> 
     </span>
     <span class='ocr_line' id='line_1_35' title="bbox 152 3898 1326 3988; baseline -0.003 -22"><span class='ocrx_word' id='word_1_309' title='bbox 152 3902 328 3986; x_wconf 89' lang='lat' dir='ltr'>reddatur,</span> <span class='ocrx_word' id='word_1_310' title='bbox 374 3901 536 3986; x_wconf 88' lang='lat' dir='ltr'>primum,</span> <span class='ocrx_word' id='word_1_311' title='bbox 584 3910 623 3967; x_wconf 91' lang='lat' dir='ltr'>ut</span> <span class='ocrx_word' id='word_1_312' title='bbox 658 3903 694 3967; x_wconf 90' lang='lat' dir='ltr'>in</span> <span class='ocrx_word' id='word_1_313' title='bbox 728 3903 792 3967; x_wconf 92' lang='lat' dir='ltr'>hoc</span> <span class='ocrx_word' id='word_1_314' title='bbox 816 3901 927 3988; x_wconf 90' lang='lat' dir='ltr'>capite</span> <span class='ocrx_word' id='word_1_315' title='bbox 963 3900 1122 3965; x_wconf 78' lang='lat' dir='ltr'>Chironis</span> <span class='ocrx_word' id='word_1_316' title='bbox 1157 3898 1326 3985; x_wconf 90' lang='lat' dir='ltr'>discipuli,</span> 
     </span>
     <span class='ocr_line' id='line_1_36' title="bbox 154 4007 1327 4089; baseline -0.004 -15"><span class='ocrx_word' id='word_1_317' title='bbox 154 4010 201 4076; x_wconf 88' lang='lat' dir='ltr'>ita</span> <span class='ocrx_word' id='word_1_318' title='bbox 224 4009 297 4074; x_wconf 91' lang='lat' dir='ltr'>illio</span> <span class='ocrx_word' id='word_1_319' title='bbox 320 4007 469 4074; x_wconf 86' lang='lat' dir='ltr'>sedecim</span> <span class='ocrx_word' id='word_1_320' title='bbox 491 4009 578 4073; x_wconf 89' lang='lat' dir='ltr'>vitia</span> <span class='ocrx_word' id='word_1_321' title='bbox 601 4009 788 4074; x_wconf 87' lang='lat' dir='ltr'>afferuntur</span> <span class='ocrx_word' id='word_1_322' title='bbox 803 4008 903 4074; x_wconf 91' lang='lat' dir='ltr'>modo</span> <span class='ocrx_word' id='word_1_323' title='bbox 927 4015 962 4073; x_wconf 93' lang='lat' dir='ltr'>et</span> <span class='ocrx_word' id='word_1_324' title='bbox 978 4013 1230 4089; x_wconf 90' lang='lat' dir='ltr'>enumerantur,</span> <span class='ocrx_word' id='word_1_325' title='bbox 1254 4011 1327 4069; x_wconf 91' lang='lat' dir='ltr'>tum</span> 
     </span>
    </p>
   </div>
   <div class='ocr_carea' id='block_1_5' title="bbox 150 4116 364 4128">
    <p class='ocr_par' dir='ltr' id='par_1_6' title="bbox 150 4116 364 4128">
     <span class='ocr_line' id='line_1_37' title="bbox 150 4116 364 4128; baseline 0 -4"><span class='ocrx_word' id='word_1_326' title='bbox 150 4116 364 4128; x_wconf 61' lang='lat'><strong>——-————--</strong></span> 
     </span>
    </p>
   </div>
   <div class='ocr_carea' id='block_1_6' title="bbox 140 4162 1328 4418">
    <p class='ocr_par' dir='ltr' id='par_1_7' title="bbox 140 4162 1328 4418">
     <span class='ocr_line' id='line_1_38' title="bbox 259 4162 1326 4239; baseline -0.005 -16"><span class='ocrx_word' id='word_1_327' title='bbox 259 4170 287 4236; x_wconf 91' lang='lat'>1)</span> <span class='ocrx_word' id='word_1_328' title='bbox 324 4167 684 4239; x_wconf 84' lang='lat' dir='ltr'>Valckenaer,adEurip.</span> <span class='ocrx_word' id='word_1_329' title='bbox 704 4167 918 4239; x_wconf 71' lang='lat' dir='ltr'>Hippolytae,</span> <span class='ocrx_word' id='word_1_330' title='bbox 938 4184 1004 4220; x_wconf 88' lang='lat' dir='ltr'>ann.</span> <span class='ocrx_word' id='word_1_331' title='bbox 1024 4184 1051 4236; x_wconf 87' lang='lat' dir='ltr'>p.</span> <span class='ocrx_word' id='word_1_332' title='bbox 1073 4164 1131 4219; x_wconf 80' lang='lat'>141.</span> <span class='ocrx_word' id='word_1_333' title='bbox 1169 4162 1326 4218; x_wconf 86' lang='lat' dir='ltr'>Schneider</span> 
     </span>
     <span class='ocr_line' id='line_1_39' title="bbox 147 4251 1328 4328; baseline -0.004 -14"><span class='ocrx_word' id='word_1_334' title='bbox 147 4261 188 4316; x_wconf 83' lang='lat' dir='ltr'>ad</span> <span class='ocrx_word' id='word_1_335' title='bbox 207 4260 223 4314; x_wconf 95' lang='lat' dir='ltr'>I</span> <span class='ocrx_word' id='word_1_336' title='bbox 243 4261 266 4317; x_wconf 89' lang='lat' dir='ltr'>l.</span> <span class='ocrx_word' id='word_1_337' title='bbox 287 4257 416 4313; x_wconf 83' lang='lat' dir='ltr'>Dindorf</span> <span class='ocrx_word' id='word_1_338' title='bbox 431 4257 474 4312; x_wconf 90' lang='lat' dir='ltr'>ed.</span> <span class='ocrx_word' id='word_1_339' title='bbox 495 4256 586 4312; x_wconf 84' lang='lat' dir='ltr'>Oxou.</span> <span class='ocrx_word' id='word_1_340' title='bbox 607 4258 716 4312; x_wconf 83' lang='lat' dir='ltr'>Comm.</span> <span class='ocrx_word' id='word_1_341' title='bbox 736 4277 763 4328; x_wconf 91' lang='lat' dir='ltr'>p.</span> <span class='ocrx_word' id='word_1_342' title='bbox 782 4257 832 4312; x_wconf 90' lang='lat' dir='ltr'>VI.</span> <span class='ocrx_word' id='word_1_343' title='bbox 853 4255 965 4326; x_wconf 90' lang='lat' dir='ltr'>Sauppe</span> <span class='ocrx_word' id='word_1_344' title='bbox 985 4255 1027 4308; x_wconf 89' lang='lat' dir='ltr'>ed.</span> <span class='ocrx_word' id='word_1_345' title='bbox 1047 4259 1068 4308; x_wconf 91' lang='lat' dir='ltr'>t.</span> <span class='ocrx_word' id='word_1_346' title='bbox 1088 4254 1114 4309; x_wconf 89' lang='lat' dir='ltr'>V</span> <span class='ocrx_word' id='word_1_347' title='bbox 1133 4254 1199 4323; x_wconf 79' lang='lat'><strong>257;</strong></span> <span class='ocrx_word' id='word_1_348' title='bbox 1218 4251 1328 4309; x_wconf 85' lang='lat' dir='ltr'>Lincke</span> 
     </span>
     <span class='ocr_line' id='line_1_40' title="bbox 140 4343 1119 4418; baseline -0.008 -13"><span class='ocrx_word' id='word_1_349' title='bbox 140 4344 276 4406; x_wconf 86' lang='lat' dir='ltr'>Hermes</span> <span class='ocrx_word' id='word_1_350' title='bbox 294 4348 381 4405; x_wconf 89' lang='lat' dir='ltr'>XVII</span> <span class='ocrx_word' id='word_1_351' title='bbox 401 4348 453 4404; x_wconf 76' lang='lat'>316</span> <span class='ocrx_word' id='word_1_352' title='bbox 472 4365 512 4418; x_wconf 85' lang='lat' dir='ltr'>sq.</span> <span class='ocrx_word' id='word_1_353' title='bbox 550 4347 652 4402; x_wconf 90' lang='lat' dir='ltr'>Plures</span> <span class='ocrx_word' id='word_1_354' title='bbox 672 4344 757 4401; x_wconf 83' lang='lat' dir='ltr'>affert</span> <span class='ocrx_word' id='word_1_355' title='bbox 776 4345 918 4417; x_wconf 87' lang='lat' dir='ltr'>Sauppins</span> <span class='ocrx_word' id='word_1_356' title='bbox 937 4345 955 4398; x_wconf 95' lang='lat' dir='ltr'>l.</span> <span class='ocrx_word' id='word_1_357' title='bbox 974 4345 992 4399; x_wconf 94' lang='lat' dir='ltr'>l.</span> <span class='ocrx_word' id='word_1_358' title='bbox 1012 4363 1039 4415; x_wconf 90' lang='lat' dir='ltr'>p.</span> <span class='ocrx_word' id='word_1_359' title='bbox 1058 4343 1119 4398; x_wconf 77' lang='lat'>255.</span> 
     </span>
    </p>
   </div>
   <div class='ocr_carea' id='block_1_7' title="bbox 0 0 1476 4874">
    <p class='ocr_par' dir='ltr' id='par_1_8' title="bbox 0 0 1476 4874">
     <span class='ocr_line' id='line_1_41' title="bbox 0 0 1476 4874; baseline 0 0"><span class='ocrx_word' id='word_1_360' title='bbox 0 0 1476 4874; x_wconf 95' lang='lat' dir='ltr'> </span> 
     </span>
    </p>
   </div>
  </div>
 </body>
</html>
