2932 4874
125 1252 226 1354 lluae
253 1287 352 1352 nobis
373 1285 415 1350 de
435 1285 609 1372 scriptoris
627 1284 769 1350 alicuius
789 1284 862 1351 rita
878 1283 1052 1371 disputare
1068 1283 1298 1370 aggredienti·

126 1395 188 1460 bus
204 1401 317 1480 partes
339 1393 547 1479 quaestionis
564 1392 771 1458 obferuntur.
808 1392 962 1456 Primum
978 1392 1071 1456 enim
1087 1415 1134 1476 ea,
1160 1414 1245 1477 quae
1266 1398 1301 1456 61

126 1502 185 1567 6111
202 1501 382 1587 scriptores
399 1506 434 1564 et
449 1500 522 1585 ipse
537 1501 596 1565 1116
618 1501 737 1565 desua
756 1506 867 1565 aetate
885 1506 919 1563 et
941 1499 1041 1564 rebus
1064 1499 1172 1585 gestis
1195 1498 1299 1564 tradi·

127 1609 226 1692 derit,
251 1607 442 1692 colligenda
470 1613 570 1692 atque
599 1607 689 1671 inter
717 1628 752 1671 66
776 1607 1002 1694 comparanda
1025 1612 1120 1691 sunt,
1154 1612 1229 1671 tum
1263 1606 1301 1670 in

125 1723 288 1801 tempora,
313 1714 435 1799 quibus
458 1715 562 1780 libros
587 1714 821 1800 composuerit,
847 1712 1090 1799 inquirendum
1114 1719 1174 1778 est.
1211 1713 1300 1779 Nam

128 1824 158 1887 si
173 1824 280 1888 altera
293 1822 351 1887 via
368 1845 406 1887 66
423 1845 488 1907 quo
512 1823 668 1887 volumus
692 1821 872 1908 pervenire
895 1843 965 1886 non
980 1843 1170 1906 possumus,
1194 1822 1301 1886 altera

128 1952 227 2015 saepe
244 1952 282 1994 eo
299 1929 507 1994 deducimur.
541 1929 766 2007 Quamobrem
782 1950 845 2013 ego
862 1950 994 2013 quoque
1010 1927 1052 1992 de
1067 1927 1301 2016 Xenophonte

127 2035 334 2101 Atheniensi
354 2035 560 2102 disserturus
581 2036 671 2102 huno
692 2036 846 2101 ordinem
872 2057 1003 2120 sequar.
1050 2034 1165 2121 Atque
1192 2036 1302 2122 prima
1426 2113 1429 2118 ⁸

127 2144 235 2208 libelli
273 2143 341 2208 mei
374 2150 471 2230 parte
510 2167 600 2210 nova
638 2142 776 2229 quidem
821 2164 928 2227 pauca
970 2166 990 2207 a
1030 2165 1085 2207 me
1129 2145 1302 2230 explorata

129 2274 202 2315 6666
225 2273 325 2315 1161116
348 2250 542 2335 mirabitur,
567 2251 626 2335 qui
649 2255 736 2335 quot.
761 2249 915 2314 homines
945 2248 1038 2314 docti
1072 2250 1141 2315 iam
1175 2251 1212 2316 in
1246 2251 1300 2315 his

129 2356 384 2442 quaestionibus
425 2355 597 2423 solvendis
637 2355 899 2440 elaboraverint,
940 2357 1149 2440 meminerit;
1188 2357 1304 2443 itaque

130 2463 322 2550 colligenda
341 2464 454 2549 'magis
478 2463 625 2549 fuerunt,
651 2487 736 2550 quae
760 2464 904 2529 disiecta
924 2463 1090 2549 iacebant,
1112 2463 1302 2549 refutanda,

131 2594 215 2655 quae
238 2593 360 2657 parum
382 2570 602 2657 probabiliter
625 2571 799 2658 disputata
826 2594 899 2636 6666
921 2571 1137 2637 videbantur.
1183 2571 1303 2637 Altera
1402 2601 1407 2611 ·

130 2700 211 2742 vero
227 2684 323 2764 parte
346 2677 388 2742 de
409 2678 572 2744 librorum
587 2679 797 2766 temporibus
814 2678 1047 2765 disputaturus
1063 2702 1139 2744 oum
1154 2679 1305 2766 vestigia

131 2786 252 2850 aetatis
276 2785 385 2850 adhuc
409 2785 571 2872 indagata
595 2787 751 2852 sufficere
779 2809 849 2851 non
877 2786 1091 2872 viderentur,
1127 2786 1170 2852 ad
1205 2809 1304 2873 argu·

131 2899 247 2958 menta
280 2916 470 2980 exgenere
495 2894 633 2959 dicendi
655 2893 758 2959 ducta
787 2892 1054 2978 confugiendum
1078 2917 1151 2958 6666
1175 2894 1302 2959 66116111.

77 3011 79 3016 ’
133 2999 242 3076 Quam
264 3000 357 3065 viam
381 3023 457 3065 cum
480 3001 765 3087 Dittenbergerus
788 3001 1006 3066 laudabiliter
1038 3001 1171 3086 inierit,
1207 3002 1306 3066 illum

132 3108 231 3193 sequi
255 3108 394 3193 eiusque
418 3109 624 3173 sententiam
648 3109 840 3174 examinare
864 3109 953 3173 malo
977 3131 1078 3193 quam
1101 3131 1191 3174 nova
1207 3109 1304 3196 igno·

131 3223 233 3300 taque
268 3222 444 3303 temptare.
493 3216 604 3292 Quare
639 3240 717 3282 cum
751 3216 809 3280 ille
844 3215 886 3280 de
913 3216 1080 3300 particula
1106 3207 1172 3301 μήν
1206 3216 1305 3282 (16616

133 3328 320 3407 arguteque
341 3323 460 3408 egerit,
483 3323 624 3409 reliquis
645 3346 731 3408 quae
753 3329 834 3387 sunt
855 3324 892 3387 in
908 3323 1150 3410 Xenophontis
1168 3324 1304 3411 scriptis

134 3429 311 3514 particulis
328 3429 488 3513 collectis,
513 3453 665 3496 necnon
687 3430 808 3495 ceteris
829 3431 951 3495 aetatis
970 3430 1177 3495 testimoniis
1199 3437 1306 3495 retra-

136 3537 236 3599 ctatis
260 3542 361 3621 atque
390 3537 553 3622 excussis,
578 3537 701 3622 quibus
724 3537 933 3624 temporibus
958 3539 1086 3624 singuli
1112 3537 1193 3603 libri
1216 3560 1306 3603 oom-

135 3641 238 3727 positi
261 3643 451 3735 videantur,
475 3645 682 3710 constituere
706 3644 861 3710 conabor.
895 3645 1066 3710 Confiteor
1090 3650 1212 3730 autem,
1237 3667 1307 3710 non

135 3747 250 3812 omnia
276 3748 386 3815 adhuc
413 3751 462 3816 ita
489 3757 658 3837 constare,
695 3759 734 3818 ut
761 3753 857 3816 nulla
885 3751 1052 3818 dubitatio
1080 3753 1305 3838 relinquatur3

135 3863 251 3919 tamen
274 3855 365 3920 hunc
388 3856 541 3922 libellum
564 3882 634 3924 non
656 3861 757 3945 plane
773 3859 961 3924 immunem
977 3865 1078 3945 atque
1095 3860 1308 3944 asymbolum

136 3963 178 4027 ad
201 3964 312 4048 largas
335 3963 526 4029 litterarum
550 3965 653 4053 dapes
677 3989 889 4032 accessurum
914 3989 987 4031 esse
1010 3989 1119 4052 spero.

244 4071 337 4147 Quae
373 4070 414 4136 ab
451 4071 647 4138 hominibus
682 4073 791 4140 doctis
828 4073 869 4138 de
904 4095 941 4137 re
975 4073 1150 4160 proposita
1179 4072 1309 4160 publici

136 4177 219 4242 iuris
255 4177 345 4243 facta
380 4185 474 4266 sunt,
511 4180 554 4245 iis
589 4187 753 4267 quantum
783 4180 882 4268 potui
914 4179 1071 4245 omnibus
1105 4181 1311 4267 colligendis

137 4307 273 4372 operam
297 4286 386 4352 dedi.
430 4286 540 4353 Tanta
563 4295 677 4354 tamen
700 4288 893 4354 libellorum
918 4289 1316 4374 commentationumque

1099 4395 1113 4448 l
