2932 4874
617 190 835 254 ,23-

141 374 200 459 qui
227 378 304 460 post
332 372 418 437 illud
446 370 627 437 concilium
656 369 858 437 Scilluntem
886 370 1115 452 expugnatam
1148 361 1321 451 putant,¹)

140 502 270 566 sequor,
307 479 367 544 sed
401 486 564 544 autumno
593 500 621 541 a.
645 477 708 542 371
742 482 819 562 post
853 498 1003 562 pugnam
1030 472 1249 542 Leuctricam
1288 484 1322 542 et

140 594 321 672 antequam
344 587 450 672 legati
474 585 653 650 civitatum
680 583 835 648 Athenas
870 598 1113 671 convenerunt,
1149 587 1321 674 Oppidum

139 694 177 759 in
191 694 352 760 Eleorum
372 699 577 780 potestatem
597 692 771 758 redactum
786 691 1119 782 Xenophontemque
1135 697 1321 784 expulsum

140 824 213 867 esse
236 824 366 867 censeo¹

247 910 415 975 Scillunte
440 913 633 994 expugnata
662 928 727 991 quo
751 906 946 994 Xenophon
970 933 1006 974 se
1031 911 1225 995 contulerit,
1263 911 1320 977 his

141 1017 256 1082 verbis
280 1017 453 1101 Diogenes
481 1020 609 1078 narrat:
648 1003 701 1073 dre
729 1005 804 1087 ναῦς
834 1007 924 1089 cidus
954 1005 1055 1077 αλιαῦ
1083 1011 1130 1093 εἰς
1157 1013 1321 1103 Λέπρεον

138 1113 336 1198 ὑπεξελθεῖν
358 1111 560 1202 μει’ὀλι’γιαν
585 1112 730 1195 οἰκετῶν,
760 1115 816 1181 καὶ
842 1111 941 1183 αὐτὸν
964 1122 1160 1210 Ξενοφῶντα
1184 1119 1234 1200 εἰς
1259 1119 1321 1211 τὴν

137 1213 234 1291 Ἦλιν
257 1222 428 1314 πρότερον,
453 1217 525 1290 sira
548 1220 596 1301 εἰς
611 1222 767 1311 Λέπρεον
791 1220 876 1312 πρὸς
902 1222 975 1304 τινας
998 1229 1134 1309 παῖδας,
1158 1223 1321 1296 adraldo

141 1330 199 1398 obv
222 1327 336 1411 αὐτοῖς
364 1329 411 1410 εἰς
440 1327 609 1417 Κόρινθον
638 1331 846 1421 διασωθῆναι
877 1332 932 1396 καὶ
957 1328 1080 1399 ututur
1116 1342 1320 1428 κατοικῆσαι

142 1434 171 1528 [ὁ
195 1435 372 1526 Δείναρχός
400 1442 522 1529 anund.
569 1442 685 1528 Atque
715 1443 804 1508 filios
834 1445 971 1529 quidem
999 1447 1167 1534 Lepreum
1197 1449 1320 1515 confu-

140 1553 231 1638 gisse
247 1552 420 1641 probabile
437 1558 498 1635 est,
512 1573 589 1615 cum
601 1550 944 1617 Lacedaemoniorum
957 1553 1082 1619 finibus
1099 1555 1135 1620 id
1151 1557 1321 1643 oppidum

140 1661 289 1747 propina,
314 1660 355 1724 ab
371 1659 466 1723 Eleis
490 1658 652 1723 remotius
677 1665 766 1722 esset
790 1666 823 1723 et
843 1660 1034 1745 antiquitus
1050 1661 1320 1730 Lacedaemoni-

141 1790 236 1833 orum
264 1766 416 1854 partibus
446 1765 578 1832 faveret
606 1763 680 1849 (cfr.
704 1766 834 1850 Busolt‚
871 1768 912 1832 D.
938 1769 1220 1835 Lacedaemonen
1244 1773 1320 1837 und

140 1875 214 1940 ihre
238 1875 547 1960 Bundesgenossen
569 1873 587 1937 Ι
613 1870 690 1955 131)
718 1880 753 1937 et
779 1880 896 1960 postea
932 1898 1065 1961 quoque
1093 1901 1121 1943 a.
1151 1879 1220 1943 370
1247 1880 1320 1945 illis

144 1988 261 2048 eontra
284 1982 520 2047 Mantinenses
556 1980 682 2045 auxilia
716 1981 868 2046 mitteret
897 1979 1000 2065 (Heli.
1024 1985 1075 2050 VI
1097 1986 1127 2069 5,
1155 1984 1220 2064 11).
1269 1986 1321 2052 At

142 2090 218 2175 quis
243 2111 284 2154 ex
306 2089 389 2154 urbe
413 2088 455 2154 ab
471 2088 566 2153 Eleis
583 2094 777 2174 expugnata
800 2090 950 2175 ipsorum
965 2092 1126 2156 Eleorum
1140 2091 1178 2157 in
1194 2093 1321 2159 urbem

142 2195 318 2283 confugit?
343 2197 418 2262 Hoc
434 2218 610 2280 nunquam
626 2196 777 2260 animum
794 2195 954 2261 inducere
978 2200 1084 2284 potui,
1110 2222 1320 2286 quamquam

140 2302 317 2369 Nitschius
343 2301 377 2388 (l.
402 2305 429 2370 l..
449 2327 481 2390 p.
505 2303 561 2383 48)
591 2327 667 2368 eum
697 2303 773 2389 lege
801 2327 878 2368 cum
901 2305 995 2370 Eleis
1031 2329 1130 2392 agere
1164 2308 1320 2374 voluisse

142 2411 237 2495 dicit*
261 2411 316 2475 eui
338 2411 626 2476 Wilamowitzius
655 2411 849 2496 assentitur,
886 2413 945 2497 qui
968 2414 1209 2500 Xenophontis
1236 2439 1319 2501 que·
1375 2398 1378 2403 ι

141 2518 246 2583 relam
269 2517 361 2582 Etim
386 2517 533 2582 delatam
561 2517 694 2582 irritam
717 2518 823 2583 fuisse
847 2518 1029 2585 arbitratur
1060 2517 1141 2605 (1.1.
1166 2544 1198 2608 p.
1226 2524 1319 2605 332).

143 2625 211 2691 Sed
240 2624 330 2690 inter
358 2648 451 2689 arma
480 2625 583 2690 silent
610 2625 703 2710 leges
733 2633 767 2690 et
794 2627 1060 2714 Xenophontem
1094 2628 1202 2715 ipsius
1240 2653 1321 2696 cum

143 2734 294 2821 periculo
318 2733 492 2819 aufugisse
516 2728 752 2817 (διασωθῆναι)
775 2733 947 2819 Diogenes
965 2735 1049 2799 dicit
1065 2735 1101 2799 H
1116 2737 1173 2819 533
1198 2736 1320 2823 itaque

142 2841 320 2906 neminem
354 2840 464 2905 adhuc
499 2840 536 2906 in
570 2841 633 2905 hoc
667 2841 740 2906 loco
783 2841 966 2906 offendisse
1004 2843 1118 2907 miror.
1176 2843 1321 2911 Variam

142 2949 327 3014 lectionem
342 2970 423 3013 vero
440 2948 620 3034 Menagius
637 2947 775 3033 quidem
792 2954 826 3012 et
842 2949 1049 3033 Dindorfius‚
1068 2949 1127 3034 qui
1142 2950 1320 3036 Diogenes

144 3057 253 3123 vitam
269 3057 509 3143 Xenophontis
526 3055 722 3123 Anabaseos
745 3055 889 3120 editioni
909 3056 1052 3141 addidit,
1069 3057 1197 3121 nullam
1222 3059 1320 3125 exhi-

143 3165 236 3230 bent.
284 3163 352 3229 Sed
387 3166 424 3231 in
459 3165 587 3251 optimo
621 3162 735 3228 codiee
770 3163 995 3249 Neapolitano
1031 3164 1205 3229 Nationali
1241 3168 1319 3252 253,

144 3261 234 3356 ἥλην,
264 3271 300 3335 in
328 3271 558 3337 Laurentiano
582 3273 635 3355 68,
664 3272 707 3335 28
735 3251 808 3355 ἧλιν
831 3271 967 3357 legitur,
993 3271 1084 3357 quod
1112 3271 1148 3337 O.
1172 3272 1319 3339 Wachs-

144 3380 296 3445 muthius
310 3401 440 3444 summa
453 3402 529 3444 cum
541 3378 707 3444 facilitate
724 3378 766 3442 ad
781 3378 967 3443 Ruehlium
983 3379 1128 3468 scripsit,
1141 3378 1259 3464 itaque
1273 3373 1321 3454 εἰς

144 3479 204 3573 τὴν
216 3469 313 3548 Ἦλιν
334 3487 488 3552 codicum
510 3508 642 3572 quoque
658 3487 859 3552 auctoritate
876 3492 976 3553 caret.
1006 3476 1093 3571 Ἥλη
1116 3508 1197 3551 vero
1220 3488 1319 3575 oppi-

146 3596 229 3662 dum
246 3618 324 3661 eum
339 3617 507 3680 nusquam
522 3595 665 3680 legatur,
691 3593 774 3678 quid
798 3593 1072 3659 substituendum
1101 3593 1146 3658 sit
1169 3593 1321 3660 dubitari

145 3709 269 3792 potest.
306 3703 399 3781 Quae
421 3702 513 3766 enim
532 3701 612 3766 urbs
637 3723 747 3785 neque
764 3725 784 3766 a
799 3701 966 3767 Scillunte
988 3701 1037 3766 ita
1060 3723 1184 3786 magno
1208 3704 1319 3788 spatio

146 3811 254 3877 dictat
278 3817 312 3876 et
336 3810 374 3874 in
396 3809 462 3896 via,
477 3832 543 3895 qua
566 3832 608 3874 ex
623 3808 776 3873 Pisatide
794 3808 950 3893 Spartam
966 3808 1235 3894 proficiscuntur,
1254 3810 1320 3875 sita

260 4002 286 4076 1)
322 4002 474 4058 Neminem
498 4003 702 4057 assentientem
725 4001 843 4056 habebit
862 4001 894 4054 Ε.
915 3999 1032 4055 Curtius
1051 4000 1112 4068 (Gr.
1133 4001 1236 4057 Gesch.
1257 4003 1321 4058 ΠΙ5

145 4096 212 4163 498)
232 4094 281 4166 qui
293 4093 519 4166 Xenophontem
537 4110 554 4145 a
569 4093 603 4146 36
614 4091 669 4162 5s4,
689 4110 755 4146 eum
772 4090 835 4145 Elei
854 4095 956 4144 contra
968 4090 1094 4145 Arcades
1112 4090 1220 4147 bellum
1239 4111 1320 4164 gere-

146 4190 219 4244 rent.
233 4184 372 4239 Scillunte
386 4182 525 4239 excidisse
538 4187 632 4254 putat,
651 4200 716 4236 curn
729 4180 793 4236 Elei
812 4199 845 4235 eo
859 4186 988 4252 tempore
1007 4199 1072 4235 cum
1084 4181 1321 4238 Lacedaemoniis

147 4256 262 4330 foedere
280 4273 372 4329 iuncti
391 4291 440 4329 eas
460 4272 545 4327 urbes
558 4269 680 4343 aggredi
693 4289 751 4325 non
764 4275 891 4343 possent,
911 4289 981 4341 quas
994 4289 1019 4325 a.
1029 4272 1083 4326 400
1099 4270 1156 4325 illis
1176 4278 1320 4328 cesserant

148 4364 235 4436 (neu.
254 4364 312 4420 vn
330 4365 356 4434 4,
377 4361 437 4434 ra..
