2896 4874
691 214 910 277 ..54-

212 391 360 457 Graecae
372 397 504 478 partem
520 414 589 456 non
604 398 715 459 toturn
732 395 876 458 alterum
893 391 1018 457 librum
1034 392 1224 476 complecti,
1241 391 1391 457 sednon

210 499 302 565 ultra
317 499 485 564 decimam
497 500 592 564 tertii
609 500 731 587 capitis
748 499 998 586 paragraphum
1015 498 1187 585 pertinere
1203 500 1392 565 Muellerus

214 606 341 693 optime
365 605 621 673 demonstrarit.
669 607 737 672 Hic
768 607 874 690 enirn,
906 607 966 673 ubi
989 607 1133 692 scriptor
1157 628 1195 671 eo
1218 608 1392 694 pervenit,

215 736 280 799 quo
305 713 522 798 Thucydides
546 735 629 799 opus
653 714 838 800 perducere
867 714 934 778 sibi
956 718 1191 800 proposuerat,
1220 713 1391 807 subsistit,

211 821 346 906 repetit,
372 825 474 905 quoto
498 843 587 885 anno
611 845 632 885 a
653 844 736 907 pace
761 822 905 907 triginta
928 836 1094 885 annorum
1118 827 1152 884 et
1175 842 1241 903 quo
1263 821 1393 907 ephoro

211 927 338 992 bellum
361 926 558 1014 incohatum
582 929 637 1014 sit,
663 928 824 1014 quamdiu
842 928 1016 993 duraverit
1038 934 1268 1011 commererat,
1295 928 1394 994 addit

211 1033 467 1120 duodetriginta
493 1035 633 1100 nomina
663 1037 874 1123 ephororum.
906 1030 1110 1120 *Sequentis
1147 1034 1271 1099 deinde
1309 1037 1394 1101 anni

211 1141 349 1205 initium
372 1139 440 1204 iam
463 1164 533 1206 non
556 1149 712 1209 notatum
736 1152 796 1227 est,
822 1149 922 1228 atque
945 1143 981 1207 ΙΙ
999 1143 1029 1226 3,
1047 1143 1090 1206 56
1111 1141 1261 1228 primurn
1281 1141 1393 1227 ipsius

196 1333 198 1336 .
213 1270 358 1334 persona
374 1246 526 1334 disputat
537 1250 735 1338 Xenophon
748 1250 943 1334 Critiaeque
959 1248 1094 1313 laudem
1110 1248 1242 1313 inserit.
1281 1248 1394 1326 Quam

212 1354 370 1420 Muelleri
383 1356 591 1421 sententiam
604 1380 721 1422 omnes
738 1357 809 1421 fere
832 1363 967 1422 nostrae
986 1356 1106 1421 aetatis
1123 1355 1280 1420 homines
1298 1355 1394 1421 docti

210 1462 442 1548 probaverunt
457 1470 591 1549 praeter
602 1464 914 1546 Breitenbachium,
934 1464 992 1547 qui
1008 1462 1236 1528 Niebuhrium
1253 1470 1392 1528 secutus

210 1570 340 1655 priores
361 1569 444 1633 duos
467 1570 571 1635 libros
588 1572 684 1636 velut
698 1572 843 1656 primam
858 1571 1114 1635 Hellenicorum
1129 1576 1263 1657 partem
1281 1570 1393 1636 edidit

75 1732 80 1741 .
214 1683 248 1742 et
271 1677 476 1761 Nitschium,
502 1679 560 1761 qui
584 1685 744 1763 quattuor
766 1678 894 1763 priores
918 1679 1022 1743 libros
1044 1678 1224 1762 quintique
1240 1678 1392 1763 primum

213 1792 316 1871 caput
339 1785 500 1850 continuo
525 1787 729 1872 compositos
754 1808 828 1850 esse
852 1785 985 1849 censuit
1014 1781 1163 1868 (Absass.
1189 1784 1220 1850 d.
1250 1785 1388 1850 Hellen.

213 1892 299 1957 1871
317 1915 348 1978 p.
364 1894 407 1957 28
421 1892 494 1977 sq.).
528 1892 595 1969 011
612 1914 816 1977 quamquam
833 1892 887 1977 iis,
912 1915 996 1977 quae
1013 1893 1197 1957 Muellerus
1215 1891 1389 1977 disseruit,

211 1999 294 2063 satis
317 1998 459 2063 refutati
483 2022 556 2064 esse
572 1999 744 2083 videntur,
766 2005 881 2063 tamen
896 2021 985 2063 nova
1002 1998 1168 2083 quaedam
1184 2006 1389 2084 argumenta

210 2128 253 2170 ex
277 2128 341 2170 usu
363 2106 608 2192 particularum
631 2107 753 2171 hausta
776 2105 924 2170 afferam.
971 2105 1086 2190 Atque
1114 2105 1151 2169 in
1179 2105 1291 2192 prima
1315 2106 1389 2191 qui-

212 2213 290 2278 dem
313 2219 409 2299 parte
433 2214 699 2299 Xenophontem
722 2236 897 2298 nunquam
920 2213 1087 2297 particula
1102 2203 1167 2296 μήν
1182 2235 1282 2277 usum
1304 2235 1387 2295 esse,

213 2321 274 2385 sed
296 2319 377 2405 inde
401 2320 443 2384 ab
467 2321 647 2385 undecima
670 2320 881 2406 paragrapho
904 2342 1012 2404 usque
1036 2319 1205 2383 adfinem
1230 2319 1312 2384 libri
1335 2320 1389 2385 bis

212 2422 248 2509 ys*
258 2418 332 2512 μήν,
350 2409 1389 2513 1111111111481111,3141111411,11111413)

212 2535 498 2620 Dittenbergerus
539 2535 607 2599 1111
643 2535 886 2601 animadvertit
909 2534 943 2613 (l.
973 2535 994 2599 l.
1023 2556 1056 2620 p.
1087 2534 1181 2615 330),
1217 2532 1279 2597 sed
1302 2534 1389 2599 aliae

213 2664 346 2727 quoque
376 2642 579 2728 particulae,
616 2664 701 2727 quae
733 2642 771 2705 in
805 2641 914 2725 prima
941 2646 1038 2726 parte
1067 2640 1203 2725 desunt,
1240 2640 1322 2705 inde
1347 2642 1390 2706 ab

213 2750 250 2814 H
273 2750 303 2834 3,
331 2750 370 2813 11
395 2771 503 2834 usque
528 2749 570 2814 ad
593 2749 698 2814 finem
721 2748 801 2812 libri
826 2747 960 2833 saepius
988 2748 1163 2833 leguntur;
1200 2770 1266 2832 qua
1289 2748 1327 2812 in
1352 2771 1391 2813 re

211 2857 464 2942 neglegendum
498 2879 569 2921 non
601 2863 665 2940 est,
706 2862 839 2942 partem
875 2856 1024 2942 priorem
1058 2855 1203 2940 triginta
1238 2855 1391 2940 quinque

214 2965 356 3050 paginas
381 2965 570 3050 complecti,
595 2986 672 3028 cum
695 2963 826 3048 reliqua
849 2962 992 3026 secundi
1014 2962 1094 3026 libri
1116 2984 1194 3048 pars
1217 2984 1288 3026 non
1311 2963 1390 3049 plus

214 3094 315 3157 quam
339 3069 456 3136 decem
480 3077 515 3136 61
537 3078 669 3158 septem
693 3071 837 3157 paginas
862 3070 1116 3156 complectatur.
1151 3070 1199 3132 Et
1222 3069 1392 3154 leguntur

215 3177 353 3264 quidem
375 3173 435 3257 μὲν
459 3170 500 3263 δή
523 3178 559 3243 H
581 3179 611 3262 4,
640 3180 672 3260 1,
697 3170 750 3237 τοί
773 3178 810 3240 H
832 3179 863 3260 3,
888 3179 945 3260 22;
969 3178 1000 3261 4,
1027 3179 1083 3259 13,
1109 3168 1391 3261 111111Π3,30.

213 3287 265 3351 32.
291 3284 344 3349 34.
369 3286 422 3349 35.
447 3287 505 3370 45,
542 3274 605 3369 ἄρα
633 3273 668 3349 ΙΙ
697 3286 727 3367 3,
753 3285 809 3366 56,
845 3285 876 3369 4,
906 3285 964 3368 40,
1001 3284 1124 3369 quibus
1160 3283 1261 3368 addO,
1298 3284 1391 3368 quod

214 3384 304 3453 πάνυ
344 3399 396 3457 611
423 3393 461 3457 11
483 3394 518 3457 H
541 3394 572 3477 4,
598 3393 655 3476 23,
690 3383 781 3470 μάλα
806 3391 842 3454 H
867 3392 896 3475 3,
922 3392 979 3475 56,
1015 3392 1046 3474 4,
1077 3393 1106 3455 2.
1132 3391 1163 3455 3.
1189 3392 1241 3455 20.
1267 3392 1320 3456 24.
1346 3394 1389 3456 33

214 3497 271 3584 (cf.
288 3522 320 3586 p.
337 3499 404 3584 44),
423 3523 626 3586 quamquam
642 3500 803 3564 adverbia
820 3499 943 3583 potius,
970 3520 1070 3583 quam
1086 3498 1272 3584 particulae
1297 3509 1389 3566 sunt.

213 3606 403 3673 Addendae
427 3614 507 3673 sunt
530 3607 727 3695 particulae,
757 3629 841 3691 quae
866 3627 1000 3691 perraro
1024 3627 1130 3689 usque
1155 3605 1198 3669 ad
1218 3605 1255 3669 H
1278 3607 1308 3689 3,
1337 3609 1388 3691 10,

214 3715 321 3780 multo
345 3716 479 3802 saepius
504 3717 540 3779 in
564 3715 694 3799 reliqua
718 3713 859 3778 secundi
881 3712 961 3777 libri
984 3718 1081 3797 parte
1105 3712 1278 3797 leguntur,
1304 3737 1391 3798 quae

216 3829 309 3888 sunt:
337 3819 371 3906 1)
388 3818 407 3882 d
416 3814 450 3907 η’,
476 3822 566 3907 quod
580 3822 689 3886 sexies
703 3821 740 3884 in
752 3828 848 3905 parte
860 3819 970 3905 priore
984 3820 1012 3898 (Ι
1025 3821 1055 3904 2,
1071 3821 1125 3902 15,
1151 3821 1181 3903 5,
1195 3821 1224 3883 2.
1241 3821 1295 3902 13,
1309 3822 1346 3885 Π
1361 3825 1389 3906 1,

215 3931 268 3996 20.
294 3931 346 3995 27.
372 3925 438 4014 31),
464 3929 576 3994 decies
600 3929 638 3993 in
653 3928 839 4014 posteriore
863 3925 912 4009 (ΙΙ
936 3927 966 4010 3,
991 3926 1041 3991 13.
1066 3927 1115 3990 15.
1136 3927 1185 3990 18.
1203 3927 1260 4009 47,
1285 3929 1390 4012 4,13.

216 4038 268 4101 23.
294 4036 346 4102 27.
370 4037 424 4101 40.
448 4027 766 4120 41,,1111611Π4,
792 4034 823 4113 1)
850 4033 989 4119 legitur;
1026 4033 1058 4112 2)
1082 4027 1136 4114 γὲῑ
1172 4038 1291 4116 quater
1318 4035 1391 4100 illic

216 4142 248 4227 (Ι
263 4145 293 4228 6,
320 4144 349 4208 7.
377 4144 431 4226 14,
457 4144 487 4227 7,
524 4145 544 4207 6
567 4139 644 4226 bis),
673 4149 725 4206 ter
741 4141 853 4206 decies
869 4142 939 4205 hic:
962 4140 998 4203 H
1022 4141 1051 4223 3,
1080 4141 1119 4204 19
1144 4139 1231 4222 (bis).
1257 4142 1309 4205 38.
1334 4142 1390 4208 41.

215 4251 259 4314 42
283 4250 374 4334 (bis).
398 4251 451 4316 46.
468 4251 522 4315 48.
540 4251 597 4333 56,
622 4246 820 4331 4160111).
849 4251 898 4313 18.
915 4248 987 4331 41),
1013 4248 1045 4327 3)
1068 4241 1200 4325 ,111111
1222 4244 1289 4330 (bis
1306 4249 1390 4333 illic,

217 4357 329 4422 decies
347 4367 466 4444 quater
480 4358 553 4422 hic:
578 4357 614 4421 H
633 4359 660 4440 1,
687 4357 715 4421 7.
741 4358 797 4440 32,
817 4393 857 4400 -
875 4357 957 4441 Π3,
978 4358 1027 4420 18.
1053 4356 1105 4419 37.
1130 4355 1182 4418 48.
1208 4355 1265 4437 53;
1289 4355 1321 4438 4,
1349 4358 1390 4420 12
