2932 4874
744 242 961 310 ..20-

266 444 347 511 pore
374 421 640 510 Xenophontem
667 424 820 489 nondum
852 424 1049 489 damnatum
1084 423 1189 489 fuisse
1230 424 1260 489 si
1295 423 1445 512 probare

265 532 439 597 Nicolaius
466 532 590 615 voluit,
626 531 769 596 Diodori
801 531 1002 596 auctoritate
1033 531 1084 596 uti
1112 532 1343 597 necessarium
1373 556 1447 599 non

266 638 343 724 fuit,
368 661 444 704 cum
468 662 510 703 ex
532 639 640 725 ipsius
657 638 898 725 Xenophontis
922 639 1046 722 verbis,
1071 662 1156 723 quae
1180 645 1260 704 sunt
1277 639 1313 704 in
1326 639 1444 707 Anah.

266 747 335 812 VH
352 746 382 831 7,
399 747 442 810 57
467 752 645 811 constaret.
681 746 801 830 Itaque
824 747 1017 811 Nieolaium
1041 746 1239 812 Schenkelii
1262 770 1447 813 assensum

265 853 385 918 tulisse
418 851 522 937 (Xan.
548 852 679 919 stud]
702 854 780 917 Ber.
806 853 836 918 d.
854 854 910 918 W.
934 852 1039 918 Acad.
1064 860 1089 917 t.
1114 854 1167 938 60,
1191 855 1269 937 6403
1294 854 1331 919 H
1356 855 1445 921 ibid.

265 966 290 1026 t.
315 961 368 1044 80,
395 960 470 1039 154)
495 961 608 1044 miror,
634 966 735 1044 atque
750 960 1017 1046 Xenophontem
1041 983 1117 1025 eum
1141 961 1177 1024 in
1201 983 1316 1046 pugna
1334 962 1446 1028 Coro-

263 1067 365 1132 nensi
388 1090 480 1132 arma
505 1075 621 1133 contra
648 1068 794 1152 patriam
824 1068 973 1151 tulisset,
1010 1067 1112 1133 exilio
1147 1069 1328 1132 multatum
1367 1091 1446 1135 esse

265 1174 433 1251 existimo.
465 1172 580 1258 Atque
596 1173 863 1260 Xenophontem
884 1175 997 1260 ipsum
1013 1174 1076 1239 hoo
1092 1174 1286 1260 significare
1303 1198 1444 1261 sensae,

264 1304 340 1345 oum
364 1281 457 1346 dieat
479 1280 588 1345 Anab.
613 1281 645 1346 V
669 1281 700 1367 3,
736 1282 755 1345 6
781 1300 834 1366 sq:
876 1278 1028 1364 Ξενοφῶν
1053 1270 1107 1341 ὅτε
1130 1270 1234 1365 ἀπῄει
1257 1272 1314 1341 σὺν
1337 1271 1443 1369 Ἀγη-

263 1379 367 1470 σιλάῳ
391 1382 428 1448 ἐκ
443 1387 501 1473 τῆς
520 1377 634 1461 Ἀσίας
657 1380 716 1472 τὴν
739 1381 785 1461 εἷς
807 1379 971 1461 lloracoln
988 1377 1072 1461 ὁδόν,
1097 1381 1292 1450 καταλείπει
1309 1382 1364 1471 (τὸ
1381 1391 1445 1476 τῆς

260 1483 453 1578 Ἀρτέμιδος
476 1489 587 1576 μέρος)
611 1487 704 1577 recepti
730 1486 916 1576 Μεγαβύζῳ
931 1542 937 1555 .
953 1542 959 1555 .
976 1541 1004 1554 ..
1026 1489 1082 1555 καὶ
1106 1488 1302 1570 litterator,
1321 1485 1364 1581 ἢν
1380 1493 1444 1576 μὲν

262 1591 359 1675 αὐτὸς
398 1601 508 1686 1111131),
548 1593 652 1683 {artigi
676 1591 881 1662 ἀποδοῦναι·
922 1590 960 1687 ἢν
983 1596 1019 1662 δέ
1045 1623 1073 1662 τι
1110 1593 1220 1686 πάθῃ,
1258 1590 1443 1665 ἀναθεῖναι

261 1701 487 1793 ποιησάμενον
521 1709 561 1794 τῇ
593 1698 762 1791 ’Λρῑέμιόι
798 1699 859 1784 iisct
893 1699 998 1768 οἴοιτο
1037 1709 1230 1792 χαριεῖσθαι
1269 1708 1309 1794 τῇ
1354 1711 1441 1793 θεῷ.

258 1805 365 1877 Ἐπεὶ
387 1805 418 1876 ὃ)
427 1808 585 1900 ἔφευγεν
602 1806 618 1876 ὃ
636 1813 829 1900 Ξενοφῶν,
855 1816 1086 1889 macometica·
1102 1805 1163 1901 ἤδη
1180 1811 1214 1875 ἐν
1230 1812 1440 1895 Σκιλλοῦντι,

260 1912 448 2007 ἀφικνεῖται
473 1915 693 2004 ΖιΙεγάβνζος.
715 1973 747 1988 ..
780 1929 842 1988 ete.
884 1923 953 1987 Cur
976 1924 1068 1987 enim
1096 1923 1152 1987 hio
1176 1923 1271 1988 exilii
1294 1922 1442 1991 fecisset

259 2031 485 2115 mentionem,
516 2030 546 2094 si
576 2031 727 2115 quinque
756 2030 854 2093 annis
879 2036 958 2093 ante
983 2053 1084 2115 quam
1108 2053 1183 2095 eum
1207 2029 1375 2116 Agesilao
1400 2034 1441 2099 in

258 2137 432 2224 Europam
470 2136 761 2223 proficisceretur,
803 2135 981 2200 damnatus
1020 2136 1109 2202 fuit?
1155 2136 1324 2203 Probatur
1364 2139 1439 2206 illis

258 2245 388 2325 verbis,
424 2245 487 2309 hoo
524 2245 569 2328 ei,
606 2252 784 2330 postquam
819 2244 856 2308 in
891 2244 1062 2329 Europam
1097 2244 1214 2329 rediit,
1250 2250 1439 2331 antequam

258 2353 424 2418 Soillunte
463 2351 638 2435 consedit,
683 2351 856 2415 accidisse.
926 2352 1045 2435 Itaque
1085 2373 1201 2415 eorum
1240 2355 1438 2420 sententiae

257 2459 416 2524 assentiri
439 2480 509 2523 non
530 2457 659 2543 dubito,
684 2459 742 2543 qui
758 2457 982 2544 Xenophonti
999 2465 1077 2544 post
1091 2481 1242 2544 pugnam
1258 2459 1438 2527 Coronen-

257 2590 329 2632 sem
354 2566 494 2630 exilinm
518 2565 705 2650 irrogatum
730 2587 803 2629 esse
827 2571 1040 2629 censuerunt.
1081 2562 1312 2650 (Niebuhrius
1339 2569 1436 2635 Vorl.

258 2675 314 2741 nb.
340 2675 397 2738 alt.
423 2672 545 2738 Gesoh.
570 2673 606 2736 Π
623 2673 653 2756 2,
671 2672 745 2755 227,
773 2671 984 2753 Letronnius
1004 2673 1025 2737 l.
1043 2673 1075 2755 l.‚
1102 2672 1253 2757 Grotius,
1277 2674 1322 2738 H.
1342 2697 1374 2741 o.
1393 2676 1436 2742 Gr.

259 2784 314 2849 IX
339 2783 417 2864 2413
453 2781 576 2845 Platon
600 2780 756 2862 1115663
793 2779 1004 2863 Sohaeferus‚
1029 2780 1203 2844 Demosth.
1229 2780 1436 2867 et0.1170;

258 2888 506 2973 Hertzbergus‚
537 2887 659 2953 Gesoh.
690 2887 721 2951 d.
746 2888 835 2952 Kon.
861 2886 1043 2971 Agesilaus
1067 2887 1146 2970 242;
1182 2887 1437 2956 Wilamowitz-

257 2995 431 3080 Mollend„
454 2995 619 3080 Antigon.
644 3018 677 3058 v.
701 2995 843 3079 Karyst.
869 2993 957 3072 334.)

367 3102 465 3179 Quod
500 3124 580 3166 vero
614 3103 787 3186 Diogenes
822 3101 979 3165 Laertius
1011 3101 1047 3165 Π
1075 3102 1119 3165 58
1154 3107 1241 3167 teste
1276 3101 1437 3172 adhibito

256 3213 345 3277 Istro
367 3216 496 3293 narrat,
531 3209 589 3293 qni
612 3209 878 3295 Xenophontem
901 3214 972 3272 tam
997 3208 1098 3272 exilio
1123 3209 1304 3292 multatum
1329 3233 1437 3296 quam

255 3324 451 3384 revocatum
476 3339 548 3380 esse
572 3323 709 3381 auctore
732 3317 866 3382 Eubulo
890 3315 1009 3399 tradit,
1046 3315 1083 3380 id
1109 3338 1228 3380 verum
1258 3338 1332 3380 esse
1362 3342 1437 3386 non

255 3432 377 3513 potest,
403 3425 432 3489 si
456 3423 661 3488 clarissimus
685 3424 743 3487 ille
767 3424 921 3489 Eubulus
944 3422 1122 3509 Spintheri
1145 3423 1237 3488 filius
1245 3417 1270 3506 ¹)
1293 3416 1435 3493 intelle·

255 3533 388 3620 gendus
418 3538 477 3596 est.
525 3531 587 3596 Ille
616 3531 707 3595 enim
735 3554 807 3595 rem
835 3530 1006 3617 publicam
1035 3553 1073 3595 eo
1103 3536 1253 3616 tempore
1275 3532 1435 3599 nondum

255 3640 385 3726 attigit,
423 3639 575 3704 sednon
599 3645 678 3702 ante
702 3662 730 3703 a.
761 3639 826 3702 372
855 3637 927 3718 (afr.
951 3638 1101 3721 Boeolrh,
1137 3637 1284 3703 Staatsh.
1308 3637 1328 3702 Ι
1354 3641 1431 3726 778,

256 3746 417 3815 Sohaefer
440 3747 537 3811 Dem.
562 3745 692 3825 1370.)
725 3745 835 3822 Quare
865 3767 935 3809 non
963 3744 1197 3831 imprudenter
1219 3745 1432 3814 Latronnius

255 3852 291 3939 (l.
316 3857 337 3920 l.
363 3850 442 3938 383)
467 3854 651 3918 coniecisse
674 3852 825 3936 videtur,
849 3852 1023 3917 Eubulum
1047 3852 1243 3917 archontem
1266 3875 1295 3918 a.
1321 3853 1391 3920 394
1404 3849 1431 3939 2)

256 3985 331 4027 eum
354 3963 488 4028 Eubulo
513 3962 572 4025 illo
596 3960 783 4025 clarissimo
815 3959 991 4024 confusum
1018 3982 1103 4043 esse;
1130 3958 1273 4045 quodsi
1307 3982 1431 4027 verum

362 4138 388 4204 1)
425 4137 572 4192 Eubulum
591 4155 649 4191 non
662 4135 889 4208 Anaphlystium
908 4135 957 4189 sed
975 4135 1169 4190 Probalisium
1187 4135 1277 4189 fuisse
1300 4134 1373 4192 Vita
1391 4138 1428 4194 X.

255 4231 326 4282 orat.
345 4246 372 4299 p.
393 4228 472 4282 laub
492 4227 589 4295 dooet;
615 4226 667 4280 cfr.
687 4225 814 4294 Schafer,
832 4225 1044 4280 Demosthenes
1064 4224 1079 4277 I
1099 4225 1157 4279 190.

359 4317 388 4382 2)
425 4315 603 4370 Archontem
623 4333 648 4368 a.
668 4314 722 4368 334
740 4313 888 4368 Eubulum
906 4319 992 4370 vocat
1010 4315 1079 4385 Lys.
1099 4333 1139 4368 or.
1158 4313 1233 4368 XIX
1252 4315 1301 4386 283
1330 4315 1429 4372 Eubu-

253 4403 338 4458 Iidem
358 4403 476 4459 Diodor.
495 4405 567 4459 XIV
586 4405 630 4458 85.
