2932 4874
618 196 835 263 —364-

142 376 309 445 utendum
343 400 416 444 0000
453 378 620 444 Ruehlius
648 378 777 464 primus
804 377 910 461 vidit,
949 377 1008 462 qui
1035 377 1132 442 litem
1159 399 1246 462 quae
1277 374 1318 442 de

144 486 347 573 Oynegetici
381 490 492 551 aetate
527 485 618 551 inter
651 485 744 550 viros
780 484 895 550 doctos
932 492 997 570 est,
1032 485 1093 550 vix
1126 484 1192 550 alio
1216 483 1318 551 modo

143 593 260 658 dirimi
283 615 382 680 posse
405 593 503 677 dixit,
529 616 567 658 ao
583 592 826 679 Xenophontis
848 591 1011 657 librorum
1032 591 1169 657 dicendi
1189 614 1318 677 genere

143 701 370 788 comparando
405 698 583 785 (Zeitschr.
614 699 637 764 f.
667 699 699 766 d.
724 700 870 765 Oesterr.
908 700 1033 785 Gymn.
1067 699 1198 764 XXXI
1224 696 1319 783 411.)

142 807 258 892 Atque
285 807 373 873 hanc
401 808 493 873 viam
521 807 696 893 ingressus
724 806 1009 892 Dittenbergerus
1045 807 1201 887 (Hermes
1229 803 1320 872 XVI

143 916 286 1000 321sq.)
309 937 390 980 usus
415 921 467 980 est
490 914 656 1001 particula
677 905 751 999 μήν,
775 922 815 979 01
838 937 904 999 quo
928 913 1046 979 ordine
1069 913 1224 978 Platonis
1245 914 1319 978 Xe·

141 1021 394 1108 nophontisque
417 1022 497 1089 libri
521 1021 701 1108 compositi
725 1029 847 1106 essent,
873 1021 1106 1087 constitueret.
1148 1020 1216 1098 Qui
1240 1043 1320 1086 oum

142 1151 278 1215 perraro
293 1121 359 1214 μήν
373 1129 411 1195 10
427 1128 629 1213 antiquioris
643 1129 763 1194 aetatis
777 1129 979 1215 scriptorum
991 1128 1097 1213 libris,
1114 1128 1210 1193 velut
1225 1128 1320 1194 'Phu-

143 1235 276 1321 cydidis
294 1243 328 1301 et
343 1235 579 1323 Antiphontis,
600 1236 679 1321 legi,
704 1235 741 1300 in
757 1234 1023 1301 Atheniensium
1047 1235 1230 1322 republica,
1260 1237 1320 1322 qui

144 1342 403 1428 antiquissimus
420 1343 565 1410 habetur
580 1342 689 1408 Attici
706 1343 871 1409 sermonis
887 1343 1023 1408 libellus
1040 1343 1149 1408 soluta
1165 1342 1320 1409 oratione

144 1451 361 1536 compositus,
386 1451 446 1518 vel·
458 1451 596 1517 omnino
612 1473 681 1515 non
699 1472 781 1536 esse,
798 1450 1012 1535 frequentius
1028 1472 1109 1515 vero
1132 1449 1224 1536 apud
1239 1451 1320 1517 Pla-

144 1558 235 1623 tonis
260 1558 415 1642 aequales
439 1557 590 1643 Lysiam,
625 1558 819 1641 Isocratem,
856 1557 1122 1643 Xenophontem
1155 1557 1318 1644 inveniri,

143 1671 243 1749 atque
266 1664 374 1752 ipsius
398 1665 553 1731 Platonis
578 1664 729 1750 dialogos
751 1688 816 1729 usu
840 1664 1025 1750 particulae
1058 1665 1203 1729 multum
1227 1665 1321 1731 inter

145 1794 181 1836 00
197 1770 334 1837 differre
350 1771 658 1858 animadvertisset,
677 1794 759 1858 quos
776 1772 928 1858 dialogos
944 1772 1083 1858 priores,
1101 1793 1185 1856 quos
1206 1779 1319 1858 poste-

13 1894 20 1907 ‘
141 1878 247 1943 riores
270 1879 328 1944 ille
352 1880 592 1966 composuerit,
616 1878 679 1944 hac
702 1880 834 1946 ratione
859 1880 1065 1945 constituere
1088 1885 1229 1944 conatus
1255 1889 1317 1947 est.

143 1985 230 2050 Oum
254 1986 346 2050 enim
369 1986 406 2051 in
429 1987 547 2052 multis
570 1987 725 2051 Platonis
749 1987 885 2073 scriptis
909 1981 964 2047 καὶ
988 1977 1053 2071 μήν
1076 1992 1111 2050 01
1134 1975 1220 2047 ἀλλὰ
1241 1979 1317 2072 μήν,

142 2115 316 2177 nunquam
352 2099 465 2158 autem
493 2087 528 2174 γὲ
554 2084 632 2178 μήν,
662 2085 713 2167 τίς
741 2084 819 2178 μήν,
850 2082 934 2153 ἀλλὰ
957 2086 1032 2174 (τίς)
1055 2084 1121 2178 μήν
1143 2093 1316 2181 legantur,

143 2222 228 2285 quae
244 2200 281 2265 in
297 2201 374 2266 aliis
390 2201 463 2266 eius
478 2200 575 2265 libris
599 2201 655 2265 1110
679 2200 760 2287 11110,
786 2201 823 2265 10
838 2201 1012 2266 nonnullis
1030 2201 1086 2266 vel
1102 2200 1317 2286 frequentius

142 2307 376 2391 inveniuntur,
400 2308 459 2372 illa
483 2308 608 2394 scripta
630 2308 746 2394 priori,
770 2307 853 2372 haec
876 2307 1056 2393 posteriori
1079 2308 1184 2372 aetati
1207 2307 1317 2375 tribu·

145 2414 232 2480 enda
252 2438 325 2480 esse
342 2415 483 2480 censuit.
512 2416 631 2500 Neque
648 2416 740 2480 enim
756 2421 795 2479 ut
811 2415 874 2480 hoe
890 2421 1090 2500 argumento
1106 2415 1148 2480 ad
1165 2415 1320 2502 dialogos

143 2521 281 2586 Platoni
305 2529 363 2587 aut
386 2521 610 2587 vindicandos
634 2529 693 2587 aut
717 2521 909 2608 eripiendos
932 2528 1077 2606 utamur,
1103 2522 1178 2586 fiori
1194 2529 1318 2610 potest,

146 2652 223 2693 cum
234 2629 270 2693 in
281 2630 424 2714 utraque
436 2636 532 2716 parte
548 2629 628 2694 libri
644 2630 723 2715 sint,
744 2652 825 2715 quos
843 2652 944 2695 nemo
962 2630 1003 2695 ab
1020 2652 1058 2695 eo
1076 2629 1319 2698 abiudicandos

145 2758 218 2800 esse
235 2737 396 2822 censebit,
409 2759 520 2821 neque
535 2742 575 2801 ut
590 2742 659 2801 tam
676 2736 849 2802 diversum
866 2737 1038 2802 scribendi
1049 2758 1158 2821 genus
1172 2737 1319 2824 dialogis

144 2843 220 2929 plus
266 2843 379 2908 minus
425 2844 565 2930 agitatis
611 2843 814 2928 tribuamus,
855 2868 932 2910 cum
977 2845 1015 2909 in
1059 2851 1202 2929 utraque
1231 2847 1322 2912 sint

144 2949 374 3036 agitatissimi.
416 2951 531 3036 Atque
555 2951 842 3038 Dittenbergerus
867 2953 943 3017 illos
965 2952 1068 3017 libros
1093 2958 1172 3016 ante
1196 2975 1224 3019 a.
1242 2953 1320 3039 388,

144 3079 245 3142 quem
261 3057 397 3122 circiter
412 3081 538 3123 annum
554 3059 653 3125 Plato
669 3058 707 3123 in
723 3059 875 3125 Siciliam
899 3060 1047 3145 primum
1067 3058 1239 3146 profectus
1255 3069 1320 3148 001,

145 3163 207 3230 hos
240 3171 358 3251 postea
387 3166 530 3251 scriptos
560 3188 632 3230 esse
662 3166 811 3252 putauit3
849 3189 914 3252 qua
942 3166 983 3231 de
1006 3188 1043 3230 10
1068 3188 1131 3250 ego
1154 3165 1323 3234 iudicium
1380 3219 1384 3227 .

144 3270 234 3358 ferre
256 3294 326 3337 non
350 3294 450 3336 ausus
472 3271 514 3337 ad
529 3274 796 3359 Xenophontem
812 3273 923 3339 redeo
955 3271 1058 3359 Apud
1075 3296 1175 3359 quem
1192 3274 1323 3341 01101110

144 3378 202 3444 1110
227 3385 327 3463 atquo
343 3379 447 3444 etiam
470 3379 580 3465 magis
604 3381 787 3467 conspicua
810 3402 910 3466 quam
934 3380 1024 3467 apud
1046 3381 1225 3446 Platonem
1246 3384 1321 3448 ani-

144 3485 343 3570 madvertit3
379 3509 460 3551 nam
489 3487 526 3552 in
554 3487 626 3552 0100
655 3488 792 3574 scriptis
816 3494 975 3573 quattuor
998 3495 1125 3553 aetates
1150 3486 1323 3576 distingui

145 3615 245 3679 posse
279 3592 376 3659 dixit.
428 3595 470 3659 In
500 3594 709 3681 Cynegetico
738 3596 830 3660 enim
863 3603 897 3660 et
925 3595 1035 3681 prima
1063 3595 1322 3664 Hellenicorum

144 3705 240 3785 parte
249 3694 275 3784 1)
299 3701 437 3766 omnino
459 3693 525 3786 μήν
547 3725 615 3768 000
639 3702 775 3787 legitur,
800 3702 850 3767 ita
871 3708 911 3766 ut
934 3703 971 3767 hi
994 3702 1074 3767 libri
1097 3702 1224 3790 optime
1242 3727 1322 3770 cum

144 3806 317 3892 republica
356 3807 620 3874 Atheniensium
666 3816 914 3895 comparentur3
966 3809 1090 3875 deinde
1132 3799 1217 3871 ἀλλὰ
1255 3804 1323 3898 μήν

145 3913 282 3999 quidem
315 3921 349 3979 et
375 3908 432 3976 καὶ
460 3906 537 3999 μήν,
574 3916 634 3980 sed
661 3939 836 4001 nunquam
864 3910 898 3996 γὲ
925 3908 991 4001 μήν
1023 3917 1061 3982 10
1094 3918 1321 3986 Oeconomico

144 4019 378 4107 inveniuntur,
397 4023 456 4108 qui
471 4045 559 4088 unus
576 4041 617 4088 ex
633 4023 875 4110 Xenophontis
891 4024 1027 4111 00110110
1043 4025 1198 4091 Platonis
1213 4027 1323 4114 priori

253 4179 279 4250 1)
315 4180 531 4235 Hellenicorum
565 4180 704 4263 primam¹
720 4187 832 4253 partem
864 4181 973 4253 priores
1007 4182 1078 4237 duos
1110 4183 1199 4238 libros
1228 4203 1322 4257 usque

146 4268 183 4323 ad
202 4269 233 4323 Π
251 4269 276 4337 3,
298 4271 339 4339 10,
367 4269 488 4325 alteram
517 4288 574 4339 eos,
603 4268 652 4341 qui
680 4277 847 4342 sequuntur,
876 4289 967 4343 usque
985 4272 1022 4327 ad
1040 4273 1067 4328 V
1087 4274 1111 4343 1,
1130 4273 1173 4343 36,
1201 4274 1322 4331 tertiam

145 4355 271 4427 reliquos
295 4358 383 4413 libros
410 4359 571 4431 complecti,
594 4359 672 4414 infra
691 4360 961 4416 demonstrabimus.
