2932 4874
696 190 914 257 ..66-

219 375 289 435 tem
311 368 455 435 Phidiae
487 370 679 456 exemplum
709 379 862 435 secutum
893 370 957 437 hcc
980 371 1241 457 Themistogeni
1263 373 1388 439 amasio

219 477 353 543 dedisse
377 476 471 541 dicit.
518 476 633 562 Atque
649 476 889 564 Aristophanis
907 499 1038 563 quoque
1055 480 1248 566 exemplum
1263 480 1389 566 optime

219 608 295 651 cum
322 591 438 649 nostro
469 592 695 670 comparatur,
730 585 787 670 qui
816 586 945 672 priores
976 584 1166 651 comoedias
1202 586 1391 652 Callistreti

217 691 477 777 Philonidisque
500 692 639 756 nomine
663 692 700 756 in
723 714 859 756 scenam
882 692 987 757 dedit.
1020 692 1265 770 Quarenostra
1281 700 1389 761 aetate

216 798 395 864 Fabricius
408 796 511 882 (Bibl.
525 821 575 883 gr.
589 800 606 863 I
623 800 653 881 3,
670 795 716 882 4),
740 798 880 864 Mitford
893 798 964 879 (Gr.
979 800 1101 865 Gesch.
1116 800 1148 865 V
1164 800 1232 864 433
1249 800 1387 889 interpr.

216 902 347 991 germ),
371 907 568 991 Kruegerus
597 906 690 986 (Vita
712 927 744 990 p.
765 906 819 987 143
844 905 1010 971 Authent.
1035 905 1145 972 Anah.
1158 929 1191 993 p.
1208 903 1264 991 19)
1288 907 1332 973 Α.
1349 908 1387 974 de

217 1011 422 1079 Gutschmid
442 1014 464 1078 l.
480 1013 502 1077 l.
520 1011 786 1098 Xenophontem
802 1012 1061 1097 Themistogeni
1077 1011 1266 1079 Anabasim
1288 1013 1386 1079 eden·

217 1120 295 1185 dam
325 1120 508 1185 tradidisse
537 1126 750 1184 censuerunt.
805 1119 955 1197 Quorum
985 1118 1175 1184 sententiae
1204 1143 1244 1186 eo
1277 1122 1383 1187 minus

216 1226 375 1292 assentiri
399 1226 532 1310 dubito,
559 1226 648 1311 quod
671 1249 808 1312 prorsus
832 1227 897 1291 alia
918 1226 963 1290 de
987 1249 1086 1291 causa
1109 1226 1281 1293 Anabasis
1305 1228 1381 1295 mihi

215 1341 294 1400 ante
317 1334 572 1399 Hellenicorum
600 1333 742 1397 alteram
769 1339 903 1419 partem
930 1334 1116 1420 composita
1144 1356 1218 1398 esse
1241 1334 1378 1401 videtur.

217 1441 303 1506 Ourn
327 1441 418 1506 enirn
442 1441 562 1529 primis
585 1440 684 1505 libris
700 1441 966 1526 Xenophontem
989 1440 1093 1505 nullis
1117 1439 1188 1506 fere
1212 1443 1376 1529 particulis

214 1549 277 1634 uu,
314 1548 493 1635 postremis
528 1548 713 1633 permultas
741 1548 890 1612 inserere
918 1569 1020 1633 supra
1049 1547 1320 1615 demonstratum
1339 1548 1375 1614 sit

215 1653 261 1742 (p.
285 1656 330 1719 40
354 1653 456 1741 sqq.),
493 1655 572 1720 huic
600 1655 649 1719 rei
678 1676 747 1719 non
774 1655 850 1740 plus
874 1654 1085 1720 auctoritatis
1110 1676 1212 1739 quam
1236 1654 1372 1740 debetur,

213 1761 363 1827 tribuere
386 1761 473 1827 mihi
495 1761 623 1845 videor,
649 1762 678 1825 si
699 1761 851 1826 eiusdem
867 1762 1003 1847 generis
1020 1761 1223 1846 scriptorum
1239 1768 1370 1828 aetatem

215 1869 278 1935 hoc
314 1869 413 1935 modo
448 1869 655 1934 constituere
690 1891 869 1954 aggressus
905 1891 982 1933 eum
1014 1866 1138 1933 librum
1165 1870 1373 1956 posteriorem

214 1998 287 2040 esse
318 1976 402 2061 dico,
433 1999 498 2061 quo
528 1998 613 2061 quae
637 1976 852 2061 potissimum
887 1976 1073 2062 particulae
1109 1998 1204 2041 rarae
1240 1984 1319 2043 sunt
1341 1976 1454 2052 iuz-

212 2082 380 2169 prioribus
409 2083 560 2168 scriptis,
595 2084 752 2167 vulgares
783 2083 820 2146 in
848 2082 1105 2168 posterioribus,
1140 2105 1200 2148 eae
1235 2082 1456 2161 crebris&

211 2190 382 2275 leguntur.
417 2190 515 2268 Quod
540 2190 576 2255 in
599 2190 855 2255 Helleuicorum
876 2191 1020 2255 'alteram
1040 2196 1173 2278 partem
1193 2190 1296 2277 cadit,
1318 2209 1456 2276 quffla

212 2305 246 2363 et
261 2288 326 2382 μήν
342 2304 376 2362 et
392 2291 426 2378 γὲ
441 2288 506 2382 μήν
530 2304 563 2361 et
578 2291 687 2375 ,1141001
714 2298 820 2362 multo
844 2296 1056 2382 frequentius
1080 2304 1262 2363 occurrunt
1285 2316 1456 2384 quam

210 2404 248 2468 in
282 2403 434 2469 Anabasi
468 2405 574 2469 altera
608 2411 703 2490 parte
738 2405 864 2469 maiore
876 2399 909 2483 1).
971 2406 1090 2489 ltaque
1126 2404 1455 2474 Hellenioommn

211 2512 350 2575 alteram
373 2517 505 2598 partem
534 2518 612 2597 post
635 2510 821 2576 Anabasim
845 2513 1072 2598 conscriptam
1107 2534 1179 2577 esse
1216 2513 1450 2596 carissimu-0,

211 2625 345 2683 etcum
375 2624 537 2683 autumno
566 2641 595 2684 a.
620 2618 684 2682 371
713 2619 980 2707 Xenophontem
1010 2619 1176 2684 Scillunte
1206 2621 1382 2708 expulsu:
1418 2638 1445 2681 u

210 2747 283 2789 esse
308 2725 661 2811 demonstraverimus
686 2726 771 2790 illud
787 2749 870 2813 opus
887 2726 1045 2791 Corinthi
1066 2733 1142 2812 post
1159 2749 1187 2791 a.
1205 2728 1272 2793 371
1297 2742 1443 2793 corz]-

208 2833 340 2918 positus
376 2854 449 2897 esse
484 2832 630 2898 videtur.
677 2832 816 2897 Aretias
852 2856 932 2898 vero
965 2840 1111 2899 aetatem
1139 2833 1212 2898 eius
1240 2835 1440 2901 aueum·

209 2938 355 3003 scribere
378 2961 447 3003 non
471 2939 586 3005 audeo

582 3131 604 3221 5
630 3134 672 3202 17.
720 3135 762 3203 ne
786 3133 1006 3204 oeconomico.

315 3296 464 3360 Transeo
489 3295 532 3360 ad
566 3296 718 3382 scripta
746 3297 966 3380 Socratica,
1004 3319 1089 3382 quae
1113 3303 1193 3363 sunt
1216 3293 1424 3389 Memor?
1453 3320 1456 3331 ¹

205 3402 303 3487 bilia,
329 3403 588 3487 OeconomicuS‚
614 3404 831 3469 Conuiuium.
878 3405 925 3468 Et
958 3403 999 3468 de
1033 3402 1088 3468 his
1123 3403 1264 3489 quidem
1299 3384 1419 3498 cet'fl

207 3511 338 3595 aliquid
362 3510 531 3575 affirmare
555 3510 696 3575 difficile
721 3517 781 3594 est,
807 3533 883 3575 cum
907 3509 1114 3576 omniafere
1138 3512 1261 3577 aetatis
1285 3503 1416 3578 teflffl'

206 3619 320 3683 monia
337 3617 459 3683 desint.
491 3616 532 3682 Id
548 3623 813 3702 unumconstat,
828 3617 918 3702 quod
933 3605 1413 3685 Μο11101041111011011000ῢὶ111

204 3733 281 3811 post
305 3725 452 3791 Socratis
476 3733 629 3809 mortem,
656 3724 715 3790 sed
740 3748 816 3789 cum
841 3725 1027 3811 complures
1051 3724 1120 3790 iam
1142 3725 1233 3810 libri,
1259 3714 1410 3812 quibu-⁴³

311 3990 337 4060 1)
376 3984 443 4057 Μήν
461 3991 588 4062 (praeter
608 3983 621 4055 ἦ
640 3983 709 4061 μήν)
729 3989 822 4058 24108,
842 3988 872 4059 γὲ
893 3982 950 4061 μήν
973 3989 1073 4057 sexies,
1097 3993 1193 4061 μέντοι
1217 3991 1308 4047 56168
1331 3973 1405 4070 Per

202 4080 373 4134 Anabaseos
393 4080 445 4133 184
463 4079 586 4151 paginas
605 4079 750 4150 leguntur,
769 4098 821 4151 per
833 4079 994 4150 nonaginta
1007 4070 1129 4150 paginas
1142 4079 1219 4135 Hell.
1232 4099 1261 4153 p.
1275 4080 1307 4136 H
1324 4062 1404 4146 affl

202 4171 237 4223 22
248 4169 297 4239 ies,
316 4169 347 4239 γὲ
367 4162 423 4241 μήν
444 4170 477 4222 15
488 4169 537 4237 ica,
557 4172 654 4240 μέντοι
673 4169 707 4222 81
718 4168 759 4223 ies
777 4169 883 4224 inveni.
915 4169 978 4224 Usu
997 4169 1156 4241 particulae
1176 4161 1210 4236 dri
1229 4187 1290 4225 non
1307 4140 1402 4250 11111'1‘

204 4264 268 4312 tum
298 4260 354 4312 duo
383 4257 449 4312 libri
478 4256 623 4325 differunt,
652 4261 686 4326 γε’
706 4263 824 4329 propter
847 4257 1072 4328 frequentiorem
1095 4257 1255 4331 particulae
1273 4258 1305 4329 γὲ
1322 4241 1400 4324 μην

206 4365 288 4400 usum
308 4348 405 4418 paullo
424 4346 539 4417 saepius
558 4346 586 4399 iu
607 4348 681 4403 Hell.
702 4347 794 4418 altera
812 4352 894 4418 parte
913 4346 1044 4401 occurrit.
