2932 4874
617 190 859 298 4107-

142 411 221 478 eius
258 419 357 498 esset,
395 412 486 478 edita
511 420 545 479 et
568 413 791 500 interpolatas
815 407 943 497 dicitl).
1002 412 1070 490 Qui
1104 414 1134 478 si
1169 436 1250 478 vera
1272 412 1325 478 vi-

143 519 283 585 dissent
317 526 352 585 11
387 521 550 586 Sitzlerus
586 544 718 608 quoque
753 521 827 585 iure
862 543 922 586 suo
951 520 1137 585 Hieronem
1165 545 1185 586 a
1207 523 1324 587 Xeno·

144 628 279 714 phonte
303 629 452 694 alienum
475 628 698 694 iudicavisset
713 651 776 693 nec
793 650 862 693 non
879 628 1056 693 Krohnius
1078 634 1170 693 recte
1194 634 1325 713 septem

146 735 249 801 modo
272 735 545 802 Memorabilium
580 736 691 822 capita
721 735 753 799 ei
775 730 1017 820 reliquisset²)‚
1056 735 1325 822 aXenophonte

147 843 238 908 nihil
261 849 395 930 praeter
419 842 666 929 Cyropaediam
691 844 835 907 extremi
859 842 981 930 capitis
1007 843 1207 929 exceptione
1236 841 1326 907 facta

149 959 183 1016 11
207 950 274 1016 duo
297 950 426 1037 priores
450 951 707 1016 Hellenicorum
729 950 810 1015 libri
832 950 1031 1036 prodiisset!
1079 950 1172 1028 Quae
1200 950 1230 1014 is
1259 949 1326 1015 sibi

148 1057 362 1145 persuadeat,
386 1058 442 1123 cui
464 1058 547 1123 talia
569 1057 731 1123 arrident.

260 1165 353 1243 Quae
377 1165 419 1230 de
442 1165 681 1252 Xenophontis
705 1170 815 1230 aetate
838 1164 1073 1230 Beckhausius
1098 1165 1164 1230 sibi
1187 1187 1324 1251 persua-

149 1273 209 1357 sit,
260 1295 299 1337 ea
342 1272 485 1337 refutari
530 1295 599 1338 non
638 1278 780 1358 oportet.
839 1272 925 1336 Cum
964 1272 1057 1337 enim
1091 1272 1246 1337 libellum
1282 1272 1324 1337 de

127 1379 380 1465 'vectigalibus
403 1380 522 1445 reiciat
545 1381 594 1457 (Z.
618 1379 641 1444 f.
661 1379 904 1465 Gymnasialw.
925 1380 1010 1445 1872
1032 1402 1066 1465 p.
1084 1379 1162 1458 225)
1186 1385 1220 1443 11
1243 1381 1326 1444 Η11-

149 1488 338 1553 lonicorum
363 1495 531 1552 extremos
555 1488 660 1553 libros
677 1511 696 1552 a
712 1492 837 1573 nepote
861 1482 970 1551 editos
987 1493 1095 1573 putet,
1119 1487 1326 1574 Xenophon-

150 1597 222 1661 tem
258 1617 297 1660 eo
333 1617 398 1680 quo
433 1595 607 1681 Diogenes
642 1594 749 1659 tradit
788 1617 816 1658 1.
846 1595 911 1658 360
940 1617 968 1659 1.
995 1594 1073 1658 Chr.
1098 1616 1132 1658 n.
1157 1600 1326 1658 mortuum

152 1725 226 1767 esse
261 1702 449 1787 existimat,
486 1708 520 1766 et
555 1725 632 1766 cum
659 1702 716 1766 Ρ1.
739 1701 912 1766 Lucienus
946 1724 1023 1766 eum
1057 1701 1327 1787 nonagenarium

151 1810 267 1891 (immo
290 1811 367 1895 plus
399 1809 589 1895 nonaginta
623 1831 728 1873 annos
764 1808 911 1887 1111111111)
947 1831 988 1872 ex
1021 1810 1095 1874 vita
1130 1808 1328 1873 discessisse
1369 1834 1374 1841 ·

151 1923 267 1981 narret
290 1915 364 2000 (cfr.
395 1941 427 2005 p.
456 1916 518 2001 14),
554 1915 789 1981 Beckhausius
824 1939 902 1980 eum
936 1939 964 1980 1.
1000 1916 1065 1980 449
1100 1922 1219 1980 natum
1254 1938 1327 1980 esse

152 2030 269 2090 censet
292 2024 364 2105 (ll.
388 2048 420 2110 p.
438 2020 505 2108 64).
537 2024 657 2109 Itaque
675 2046 751 2088 cum
768 2023 1089 2109 quinquagesimum
1112 2022 1184 2087 fere
1201 2046 1328 2087 annum

152 2137 288 2219 ageret,
323 2131 588 2218 Xenophontem
623 2154 699 2196 cum
734 2131 929 2196 Timasione
964 2132 1207 2217 imperatorum
1242 2138 1326 2195 natu

152 2239 334 2304 minimum
357 2239 462 2304 fuisse
486 2241 670 2326 oporteret!

259 2346 348 2411 Mihi
371 2346 479 2432 igitur
502 2347 703 2432 Agesilaum
726 2371 745 2410 a
766 2345 992 2432 Xenophonte
1017 2345 1155 2431 quidem
1178 2345 1327 2410 alienum

153 2477 226 2518 esse
249 2460 395 2538 constat·;
433 2454 509 2539 quis
532 2476 613 2519 vero
637 2453 754 2539 fuerit,
791 2454 850 2540 qui
884 2476 962 2518 eum
997 2453 1171 2538 conflavit,
1207 2452 1327 2538 ignoro

151 2584 261 2646 neque
285 2561 367 2647 fore,
391 2568 430 2627 ut
453 2562 526 2626 eius
549 2565 674 2627 nomen
698 2569 844 2645 eruatur,
870 2561 1038 2626 existimo

259 2669 488 2755 Epistulas,
525 2692 610 2755 quae
634 2668 800 2753 feruntur,
835 2668 1107 2755 Xenophonteas
1132 2667 1173 2732 ab
1195 2690 1233 2732 eo
1258 2689 1328 2732 non

153 2775 320 2863 prodiisse
348 2777 526 2841 Bentleius
556 2776 684 2857 (Briefe
708 2776 739 2841 d.
764 2776 919 2840 Phalaris
943 2799 971 2841 c.
999 2775 1087 2841 XIV
1110 2798 1142 2860 p.
1168 2775 1232 2838 549
1256 2797 1325 2859 seq.

155 2884 232 2948 557.
257 2883 372 2962 Ribb.)
396 2883 454 2966 ita,
478 2885 625 2949 utnulla
643 2883 811 2948 dubitatio
833 2883 1092 2967 relinqueretur,
1118 2881 1326 2946 demonstra-

154 2991 217 3056 vit.
242 2990 421 3076 Leguntur
444 3013 496 3078 ap.
514 2992 725 3056 Hercherum
749 2987 970 3076 (Epistologr.
996 2989 1055 3054 Gr.
1079 3012 1112 3075 p.
1131 2989 1195 3053 785
1219 2986 1328 3075 seqq.)

155 3103 190 3162 et
215 3098 400 3185 Sauppium
423 3096 490 3182 (ed.
515 3105 539 3164 1.
563 3099 595 3164 V
618 3121 650 3185 p.
676 3094 766 3181 286).

567 3257 913 3361 Appendiculac.

247 3459 251 3468 .
340 3401 348 3440 ³
392 3401 412 3470 Ι.
460 3399 1089 3486 111111111111111111111111.

260 3527 386 3592 Mirum
410 3534 471 3611 est,
496 3527 587 3613 quod
614 3526 656 3591 de
686 3526 836 3592 nominis
861 3527 975 3611 Grylli
999 3526 1172 3593 scribendi
1195 3527 1328 3591 ratione

153 3641 187 3699 et
222 3635 343 3721 optimi
384 3635 516 3701 codices
557 3634 780 3723 manuscripti
816 3640 850 3698 et
883 3634 1101 3719 Phrynichus
1137 3641 1171 3699 et
1206 3634 1328 3699 titulus
1429 3677 1433 3685 ·

151 3742 289 3828 quidam
313 3743 420 3829 lapidi
443 3743 572 3807 incisus
589 3765 665 3806 cum
681 3742 876 3808 Herodiano
892 3748 1057 3828 pugnant,
1084 3741 1204 3827 quill.
1225 3732 1327 3827 μονή-

152 3871 228 3933 ρονς
262 3843 377 3924 λέξεως
410 3850 462 3914 XI
485 3852 528 3914 26
562 3848 646 3914 haec
680 3849 863 3936 praecipit:
898 3841 947 3909 Τὰ
983 3841 1030 3922 εἷς
1054 3870 1089 3922 ος
1112 3839 1252 3932 λήγοντα
1277 3844 1327 3908 (11-
1456 3934 1459 3939 Ι

152 3948 298 4036 utalaae
321 3948 484 4042 1111111111
509 3949 621 4034 bigorra
647 3948 757 4016 διττὸν
780 3947 818 4017 τὸ
842 3952 861 4015 λ
886 3944 922 4017 οὐ
947 3950 1040 4016 θέλει
1065 3944 1149 4017 εἶναι
1174 3944 1327 4039 οὐδέτερα

260 4117 287 4181 1)
306 4117 430 4170 Hermes
449 4115 537 4172 XVII
555 4134 581 4186 p.
602 4115 662 4169 325.
682 4116 742 4169 279.

258 4225 286 4290 2)
305 4222 455 4278 Krohnius
475 4222 618 4290 (Socrates
636 4240 664 4276 u.
684 4223 847 4294 Xenophon
866 4241 893 4293 p.
911 4219 973 4290 147)
992 4220 1119 4292 genuina
1137 4226 1224 4292 putat
1243 4221 1326 4275 haec:

152 4312 238 4366 nem.
259 4315 321 4382 113
347 4317 363 4368 a
383 4311 509 4384 (praeter
528 4310 547 4383 1
566 4298 697 4382 11-41),
721 4312 738 4365 1
764 4312 889 4383 (praeter
907 4307 926 4383 g
946 4311 1058 4379 1-11);
1078 4312 1172 4379 1111
1200 4311 1242 4367 rv
1263 4311 1291 4380 1;
1311 4311 1328 4365 e

156 4400 281 4475 (praeter
300 4399 319 4478 ξ
340 4403 451 4473 1-12),
470 4403 496 4473 8,
516 4402 548 4456 11
568 4400 604 4455 ab
623 4403 688 4472 ἐμοὶ
705 4401 759 4473 μὲν
778 4394 812 4469 δή
832 4400 983 4457 adfinem.
