2932 4874
709 213 753 278 64
799 250 840 258 -
918 228 927 237 -

140 391 371 458 demonstrare
395 392 535 477 studuit,
561 393 710 480 primum
734 415 762 458 a.
785 393 860 477 357,
886 414 951 478 quo
975 415 1051 457 cum
1075 370 1313 458 1111116161-

139 523 221 565 6616
244 522 313 564 666
336 500 541 587 potuissent,
572 500 726 565 Thebani
751 500 816 565 sibi
840 492 1047 583 προστασίαν
1069 499 1313 586 vindicassent,

141 608 284 672 alterum
307 631 336 672 a.
361 608 435 692 355,
461 630 546 692 quae
570 607 745 694 occupatio
768 606 942 692 usquead
966 630 994 671 a.
1019 608 1084 671 346
1109 607 1312 674 duravisset.

140 714 254 800 Atque
277 737 338 802 pro
369 714 431 779 hac
461 737 520 779 sua
549 714 719 779 sententia
743 714 996 800 Demophilum,
1033 713 1164 800 Ephori
1195 714 1313 801 filium,

140 821 265 906 laudat,
296 822 356 906 qui
378 821 527 886 Diodoro
551 821 640 887 XVI
665 821 706 885 14
729 827 816 886 16616
840 822 1005 908 1616111616
1029 844 1057 885 a.
1083 821 1148 886 357
1173 844 1313 909 occupa·

141 935 214 993 tum
248 928 442 1013 bellumque
477 951 608 993 sacrum
642 951 703 1015 per
736 927 895 993 undecim
930 949 1037 992 annos
1071 934 1209 1014 gestum
1242 952 1313 994 6666

140 1035 292 1120 tradidit,
319 1059 382 1100 nec
406 1059 474 1101 non
499 1035 753 1120 Callisthenem,
778 1035 836 1120 qui
860 1034 939 1099 inde
963 1059 982 1100 a
1005 1058 1087 1122 pacc
1110 1035 1313 1101 Antalcidea

142 1165 235 1207 orsus
260 1164 313 1206 res
341 1149 455 1228 gestas
484 1142 629 1228 triginta
664 1165 829 1207 annorum
865 1142 1001 1229 scripsit
1036 1148 1070 1206 et
1104 1142 1198 1207 illius
1233 1143 1314 1208 belli

141 1250 351 1314 mentionem
374 1248 457 1314 16611
484 1247 598 1332 (Diod.
622 1250 709 1315 XIV
735 1250 777 1313 14
800 1254 834 1313 61
860 1249 947 1332 117).
986 1250 1028 1313 16
1059 1248 1207 1339 eundem
1233 1272 1313 1315 vero

142 1380 171 1422 a.
196 1358 261 1422 357
286 1357 350 1438 (Ol.
377 1357 450 1441 105,
474 1356 509 1439 4)
536 1357 723 1421 Pausanias
747 1358 784 1420 X
807 1358 837 1440 2,
863 1355 883 1418 3
916 1355 998 1421 116111
1025 1356 1165 1421 16111616
1195 1356 1308 1441 refert,

142 1465 291 1530 Marmor
313 1464 452 1529 Parium
479 1464 536 1528 vel
569 1464 606 1527 in
638 1464 786 1551 priorem
821 1463 977 1543 (Mueller
1000 1463 1041 1527 F.
1065 1465 1110 1529 H.
1136 1465 1177 1528 G.
1207 1465 1312 1529 1535

141 1594 174 1637 v.
198 1573 241 1636 87
266 1571 327 1657 sq.)
363 1608 405 1616 —
441 1572 569 1637 Contra
592 1570 762 1636 Diodorus
797 1570 884 1635 XVI
908 1571 950 1634 23
986 1572 1159 1636 oraculum
1194 1594 1223 1636 a.
1249 1572 1313 1635 355

143 1684 344 1765 occupatum
372 1700 445 1743 esse
473 1678 664 1762 bellumque
692 1701 753 1765 per
780 1699 903 1741 novem
926 1700 1033 1742 annos
1057 1677 1196 1743 durasse
1220 1677 1313 1743 dicit.

144 1785 254 1864 Quare
291 1786 438 1851 Cobetus
473 1785 665 1850 Phocenses
701 1791 735 1849 et
769 1807 797 1850 a.
827 1785 891 1849 357
928 1791 962 1849 61
996 1808 1024 1850 a.
1061 1785 1127 1850 355
1162 1785 1314 1872 Delphos

142 1916 304 1980 occupare
329 1899 466 1957 conatos
491 1900 526 1957 et
549 1916 568 1957 a
592 1892 812 1979 scriptoribus
837 1891 936 1957 modo
959 1892 1061 1977 hano,
1091 1892 1191 1957 modo
1221 1893 1315 1957 illam

143 2000 400 2088 occupationem
423 2000 504 2065 belli
527 1999 667 2064 initium
690 1999 841 2064 habitam
865 2022 938 2064 esse
961 2006 1068 2085 putat.
1117 1999 1211 2077 Quae
1239 2022 1316 2064 sen-

143 2109 252 2173 tentia
279 2130 318 2173 ea
353 2105 491 2193 quidem
524 2106 655 2171 ratione
690 2105 833 2172 refutari
859 2129 928 2172 non
956 2112 1082 2193 potest,
1119 2113 1157 2171 ut
1186 2106 1267 2192 quia
1297 2131 1316 2172 a

142 2216 236 2280 nullo
260 2215 422 2301 scriptore
445 2213 530 2278 duae
552 2214 788 2300 occupationes
806 2221 1118 2297 commemorantur,
1135 2220 1317 2301 propterea

142 2323 314 2388 oraculum
352 2321 405 2386 bis
441 2328 673 2409 expugnatum
709 2343 781 2385 esse
816 2343 1000 2405 negemus,
1041 2343 1118 2386 cum
1157 2320 1237 2385 inde
1274 2322 1315 2387 ab

142 2430 397 2495 Hellenicorum
420 2429 488 2493 fine
512 2428 624 2493 fontes
648 2428 809 2492 historiae
825 2427 966 2514 pessimi
982 2427 1066 2510 sint;
1091 2434 1182 2492 recte
1199 2434 1316 2493 tamen

142 2537 339 2623 Madvigius
363 2533 521 2620 (Advers.
547 2535 621 2600 crit.
645 2536 663 2600 I
686 2535 763 2614 364)
787 2534 1031 2620 Nitschiusque
1048 2532 1098 2619 (Z.
1115 2534 1138 2600 1.
1156 2534 1187 2599 d.
1207 2535 1316 2621 Gym-

141 2645 293 2710 nasialw.
321 2644 407 2709 1874
436 2666 468 2729 p.
494 2643 572 2721 957)
606 2641 832 2729 Xenophonti
858 2664 968 2727 neque
997 2637 1176 2725 ἐπειριῦνιο
1205 2664 1317 2728 6611116

143 2749 261 2825 οἵτινες
284 2751 467 2817 dicendum
490 2750 595 2814 fuisse
618 2757 832 2834 monuerunt,
858 2750 888 2813 61
904 2749 1083 2815 Thebanos
1107 2744 1318 2834 προσιασιάν

142 2860 209 2925 sibi
232 2859 425 2925 vindicasse
449 2857 642 2944 significare
666 2858 784 2941 vellet,
822 2857 881 2921 sed
910 2863 943 2921 et
968 2854 1002 2917 οἵ
1024 2864 1058 2922 61
1082 2849 1317 2939 πεπείρανται.

145 2967 256 3044 Quare
280 2967 347 3054 ipsi
377 2965 631 3051 elegantissima
655 2963 891 3030 emendatione
915 2963 1079 3048 πειρῷντο
1103 2964 1258 3029 scribunt
1285 2972 1320 3029 61

141 3097 252 3160 neque
286 3074 458 3139 oraculum
485 3096 505 3137 a
533 3072 766 3137 Phocensibus
800 3072 957 3136 relictum
991 3093 1101 3157 neque
1136 3071 1320 3138 Thebanos

143 3203 305 3268 occupare
330 3188 466 3246 conatos
502 3203 575 3244 esse
610 3184 743 3266 putant,
780 3179 839 3242 sed
872 3179 1139 3266 Xenophontem
1173 3177 1320 3245 dixisse:

143 3289 173 3354 si
197 3288 332 3374 quando
357 3289 409 3353 illi
431 3287 575 3374 Delphis
600 3286 791 3370 cessissent,
816 3293 889 3351 111111
906 3287 1085 3352 Thebanos
1109 3278 1322 3369 προσιάσιάν

143 3397 210 3462 sibi
232 3395 465 3462 vindicaturos
491 3417 573 3459 esse.
606 3393 737 3471 Quibus
759 3395 918 3459 assentiri
934 3393 1093 3480 equidem
1109 3415 1179 3457 non
1196 3391 1321 3460 dubito

143 3490 177 3568 et
210 3503 365 3568 libellum
400 3503 441 3567 de
473 3501 699 3586 vectigalibus
734 3501 823 3566 bello
861 3501 979 3566 sociali
1002 3500 1155 3566 confecto
1183 3523 1213 3564 a.
1238 3502 1320 3588 355,

145 3632 221 3676 cum
243 3612 435 3676 Phocenses
460 3610 623 3695 templum
644 3609 712 3673 iam
733 3615 953 3695 occupassent
975 3607 1167 3693 bellumque
1184 3630 1323 3674 sacrum

144 3725 257 3783 ortum
281 3725 370 3784 esset
398 3714 472 3801 (cfr.
498 3712 783 3796 separatam
806 3717 838 3782 V
864 3717 919 3798 12)
943 3716 1167 3803 compositum
1190 3714 1321 3783 iudico.

144 3825 241 3890 Tunc
266 3832 336 3890 erat
360 3814 379 3910 ἡ
404 3813 652 3909 111111111ιὶ11.
677 3813 802 3907 ταραχή
826 3821 872 3906 (V
894 3823 943 3907 8),
973 3846 1050 3888 cum
1077 3823 1145 3908 ipsi
1168 3822 1322 3889 Atheni·

144 3955 242 3997 enses
276 3955 358 4019 pace
394 3931 587 3996 fruerentur
622 3930 677 4011 (cf.
701 3929 875 3995 Demosth.
905 3952 943 3990 π.
969 3948 1067 4008 συμμ.
1093 3929 1136 3993 36
1164 3951 1196 4014 p.
1224 3927 1322 4016 188);

143 4045 226 4105 tuno
250 4062 333 4126 opus
357 4038 424 4104 11111
448 4038 600 4104 consiliis
625 4037 667 4102 ad
690 4037 823 4101 reditus
856 4037 1007 4102 civitatis
1036 4034 1209 4122 augendos
1240 4058 1323 4122 spe-

144 4147 329 4231 ctantibus,
366 4170 442 4212 cum
465 4146 583 4232 inopia
606 4167 644 4210 66
672 4144 927 4209 necessitudine
952 4144 1061 4209 coacti
1083 4142 1322 4210 Athenienses

144 4253 273 4320 bellum
296 4254 419 4319 sociale
445 4253 723 4341 composuissent.
