2932 4874
618 210 837 276 -96-

143 387 271 476 scripta
300 410 372 453 esse
401 396 550 475 apparet.
598 389 685 454 Cum
713 389 804 453 enim
833 387 876 453 ad
900 394 1029 453 certum
1053 385 1224 473 quendam
1247 410 1312 452 ma·

141 497 288 581 gistrum
318 496 481 581 equitum,
511 496 570 581 qui
596 495 744 560 Athenis
768 495 873 560 annui
896 495 978 560 novi
1011 494 1144 579 fierent,
1180 495 1312 560 libellus

143 603 242 669 datus
267 604 327 686 sit,
358 603 441 667 talia
466 603 624 686 consilia,
656 603 768 688 qualia
792 603 824 667 ei
846 602 1037 690 Xenophon
1062 602 1121 668 dat
1144 602 1162 667 Ι
1188 603 1240 668 19.
1263 603 1312 669 20.

141 711 192 777 IV
215 704 284 794 61),
309 710 446 775 inutilia
469 709 616 774 fuissent
639 717 674 774 et
705 732 967 796 supervacanea,
1004 710 1034 774 si
1067 732 1132 795 quo
1164 717 1313 797 tempore

143 817 385 902 scriberentur,
421 816 650 882 Athenienses
694 817 731 881 in
770 818 859 883 bello
898 816 1048 902 gerendo
1085 823 1310 881 versarentur.

147 923 257 1002 Quare
280 946 391 1008 neque
416 947 444 988 a.
470 925 545 1009 369,
574 946 639 1008 quo
667 929 817 1010 tempore
846 923 1076 989 Athenienses
1112 947 1190 989 cum
1213 926 1311 989 Lace·

144 1030 332 1096 daemoniis
361 1030 495 1096 foedere
531 1038 647 1096 contra
681 1030 860 1097 Thebanos
895 1032 963 1096 icto
997 1030 1207 1119 Iphicratem
1242 1054 1311 1096 cum

143 1137 323 1203 duodecim
351 1139 489 1204 milibus
518 1139 667 1202 militum
691 1138 734 1203 ad
757 1138 925 1202 Isthmum
948 1138 1116 1204 miserunt
1146 1136 1250 1223 (Heu.
1266 1139 1311 1204 VI

142 1246 173 1329 ὅ,
197 1246 254 1327 49,
279 1245 379 1310 Diod.
403 1246 472 1311 XV
496 1242 563 1330 63),
587 1267 698 1330 neque
722 1268 749 1311 a.
775 1246 840 1309 362
864 1245 1029 1331 scriptum
1051 1237 1171 1333 neque]
1187 1244 1230 1310 ad
1254 1245 1309 1310 Oe-

142 1351 362 1439 phisodorum
396 1352 513 1417 datum
548 1375 621 1416 esse
650 1352 821 1437 existimo,
858 1374 923 1438 quo
958 1351 1042 1418 duce
1071 1352 1308 1439 Xenophontis

142 1459 206 1524 filii
246 1460 418 1547 stipendia
456 1466 625 1524 merentes
660 1457 772 1544 (Diog.
801 1460 890 1543 116,
916 1460 972 1542 54,
1012 1461 1112 1524 Paus.
1137 1462 1168 1544 8,
1195 1459 1226 1543 9,
1260 1456 1308 1541 10)

143 1568 291 1652 equestri
341 1567 469 1654 proelio
519 1567 636 1653 paucis
688 1566 807 1632 diebus
854 1574 933 1630 ante
984 1590 1135 1653 pugnam
1190 1564 1308 1631 Manti-

143 1696 286 1739 nensem
310 1674 488 1739 commisso
513 1674 692 1739 611116111111.
730 1673 881 1750 Quarum
904 1674 1150 1738 sententiarum
1174 1679 1308 1758 utraque

144 1804 163 1845 a
185 1781 269 1846 viris
294 1781 402 1846 doctis
431 1783 562 1868 prolata
586 1789 652 1865 est,
688 1782 794 1846 altera
817 1804 836 1845 a
859 1781 1017 1847 Nitschio
1044 1781 1066 1845 1.
1096 1781 1128 1864 1.,
1164 1781 1309 1845 alterae

143 1890 321 1973 Kruegero
355 1888 465 1968 (Stud.
490 1888 613 1952 11282
638 1885 716 1973 sq.),
754 1910 854 1972 quem
889 1887 1090 1954 Schaeferus
1126 1885 1307 1972 (Demosth.

143 1997 161 2061 I
187 1993 264 2079 171)
289 2002 323 2060 et
346 1996 632 2060 Wilamowitzius
657 1994 856 2080 (Kydathen
871 2018 904 2082 p.
922 1997 966 2060 24
981 2019 1005 2060 n
1020 1997 1076 2076 45)
1101 1996 1211 2060 secuti
1226 2001 1307 2060 sunt.

144 2102 358 2189 Quamquam
388 2109 501 2167 autem
528 2125 588 2188 per
618 2125 736 2189 pacem
767 2102 901 2166 libellus
929 2102 1075 2189 scriptus
1107 2109 1169 2188 est,
1201 2110 1310 2169 tamen

84 2261 88 2273 .
142 2209 269 2275 bellum
291 2209 562 2275 Atheniensibus
584 2209 772 2294 gerendum
795 2207 867 2274 fore
893 2209 1090 2295 Xenophon
1126 2210 1308 2297 suspicatur

145 2324 179 2382 et
202 2317 238 2382 id
263 2324 379 2382 contra
401 2317 575 2400 Boeotios;
613 2339 689 2381 cum
717 2316 809 2379 enim
833 2315 997 2402 disputet,
1035 2315 1117 2402 quid
1152 2317 1308 2402 magistro

82 2473 85 2481 ,
145 2425 300 2510 equitum
324 2423 518 2489 faciendum
542 2424 600 2508 sit,
630 2424 660 2487 si
688 2423 725 2488 in
748 2423 857 2508 ipsam
880 2423 1033 2488 Atticam
1056 2424 1171 2490 hostes
1194 2424 1307 2488 irrum-

142 2539 263 2620 perent
287 2530 328 2615 (o.
353 2527 445 2615 VH),
473 2530 632 2596 Boeotios
660 2531 756 2595 velut
790 2530 877 2595 solos
900 2530 1167 2596 Atheniensium
1201 2532 1304 2596 hostes

142 2640 292 2726 respicit,
319 2662 395 2705 cum
419 2638 512 2703 dicat
535 2635 681 2722 (V113):
711 2632 767 2698 καὶ
783 2629 848 2722 μὴν
864 2630 924 2697 ἐπί
940 2657 974 2718 γε
990 2637 1060 2711 τοῖς
1076 2628 1253 2722 προγόνοις
1275 2623 1302 2697 oi

142 2746 236 2825 μεῖον
268 2735 447 2830 Ἀθηναῖοι
483 2733 504 2829 ἢ
538 2739 684 2806 Βο1ωτοὶ
719 2743 902 2829 φρονοῦσιν.
961 2745 1072 2823 Quare
1095 2769 1124 2810 a,
1149 2747 1215 2810 365
1244 2744 1305 2810 fere

143 2854 268 2919 librum
304 2853 530 2940 compositum
565 2875 638 2917 esse
674 2852 846 2936 existim0,
882 2874 947 2936 quo
982 2859 1134 2939 tempore
1167 2850 1306 2918 Athenis

143 2960 251 3025 maior
275 2959 351 3045 quis
376 2967 487 3024 metus
511 2982 585 3024 esse
608 2960 731 3048 potuit,
755 2981 800 3024 ne
824 2959 860 3023 in
875 2959 1028 3024 Atticam
1044 2959 1180 3025 Boeotii
1194 2961 1307 3026 irrum-

141 3073 272 3154 perent,
297 3067 356 3152 qui
379 3090 407 3132 a.
433 3068 498 3130 366
523 3067 673 3154 Oropum
697 3074 958 3154 occupaverant;
975 3067 1206 3133 Athenienses
1235 3087 1310 3132 vero

145 3198 164 3240 a
199 3175 301 3240 sociis
335 3174 395 3238 illo
430 3182 582 3261 tempore
619 3174 776 3239 destituti
810 3172 913 3257 (Η611.
942 3175 1012 3241 VH
1038 3176 1069 3260 4,
1106 3176 1123 3238 1
1159 3175 1220 3261 sq.)
1252 3196 1312 3262 per

143 3282 275 3367 aliquot
303 3302 409 3345 annos
443 3304 462 3345 a
492 3280 580 3346 bello
609 3280 759 3368 gerendo
794 3304 829 3345 se
864 3280 1070 3347 abstinuisse
1099 3305 1211 3368 neque
1239 3291 1313 3349 ante
1344 3266 1348 3275 ⁵

146 3411 274 3454 annum
309 3389 374 3452 362
415 3396 532 3453 contra
571 3387 750 3453 Thebanos
789 3387 967 3454 dimicasse
1005 3388 1175 3454 videntur.
1235 3393 1313 3457 Post

146 3519 298 3583 pugnam
311 3496 565 3560 Mantinensem
590 3518 670 3561 vero
687 3496 746 3560 illa
761 3497 865 3561 verba
889 3496 1016 3582 scripta
1038 3519 1107 3561 non
1129 3504 1223 3583 put0,
1242 3521 1318 3564 cum

149 3611 183 3668 et
205 3603 445 3690 Epaminonda
468 3610 600 3668 mortuo
623 3603 734 3668 minor
758 3604 997 3669 Thebanorum
1024 3610 1134 3669 metus
1163 3612 1259 3671 esset
1287 3614 1320 3672 61

254 3832 280 3902 1)
317 3831 404 3903 Hipp.
423 3831 439 3886 I
459 3833 504 3888 19:
529 3830 620 3884 Ταῦτα
640 3824 694 3903 γὰρ
713 3835 938 3904 ἐν61,·μ611μένους
966 3825 1038 3892 εἰκὸς
1060 3836 1107 3885 καὶ
1129 3824 1192 3891 τοὺς
1216 3835 1324 3896 ἱππέας

144 3920 255 3994 μᾶλλον
275 3913 370 3973 ἀσκεῖν
385 3913 433 3988 τὴν
453 3914 576 3987 ἱππικήν,
597 3913 677 3984 ὅπως,
697 3913 734 3988 ἢν
752 3915 900 3993 πόλεμος
924 3924 1105 3993 ἐγείρηται,
1129 3913 1168 3993 μὴ
1189 3915 1323 3994 ἀμελετή-

143 4031 208 4069 τονς
232 3999 312 4068 ὄντας
336 4003 522 4080 ἀγωνίζεσθαι
547 4009 594 4080 δίῃ
619 4016 687 4080 περί
709 4030 734 4063 τε
764 4009 809 4076 τῆς
837 4005 941 4069 πόλεως
968 4015 1015 4063 καὶ
1038 4015 1099 4082 περὶ
1125 4004 1251 4071 εὐκλείας
1276 4020 1325 4068 καὶ

144 4104 208 4171 περὶ
226 4099 271 4166 τῆς
290 4098 386 4169 ψυχῆς*
408 4091 518 4169 ἀγαθὸν
538 4099 567 4151 di
582 4102 630 4151 καὶ
647 4097 727 4152 τοῦτο
740 4105 885 4170 προειπεῖν
902 4099 952 4158 τῶς
972 4099 1110 4166 ἱππεῦσιν,
1130 4092 1172 4152 ὅτι
1192 4095 1327 4164 ἐξάξεις

144 4194 201 4242 καὶ
221 4183 259 4242 σύ
279 4207 360 4242 ποτε
386 4181 506 4246 αὐτοὺς
525 4192 571 4240 καὶ
592 4180 640 4240 dut
659 4195 798 4241 παντοίων
812 4196 925 4260 χωρίων
942 4182 1046 4259 ἡγήσει,
1073 4190 1116 4245 IV
1135 4191 1163 4244 6:
1183 4188 1325 4262 προσῆκει

145 4278 176 4331 dt
196 4272 326 4349 ἵππάρχῳ
346 4278 393 4331 ’ἔτι
413 4280 446 4330 ἐν
465 4271 577 4349 εἰρήνῃ
598 4279 801 4349 ἐπιμελεῖσθαι,
822 4270 895 4336 ὅπως
909 4280 1045 4350 ἐμπείρως
1064 4278 1115 4339 ἕξει
1134 4278 1179 4345 τῆς
1191 4299 1219 4333 τε
1235 4289 1324 4339 πολε-

147 4374 215 4447 pria>¹
233 4372 277 4419 καὶ
299 4367 343 4434 τῆς
363 4371 457 4438 ρώπως
472 4361 584 4439 quiquo,
