2932 4874
655 202 872 265 -10-

179 380 302 445 aetatis
326 402 453 444 annum
475 386 648 445 versatum
677 402 749 444 esse
779 380 872 446 dicit.
920 381 987 458 Qui
1011 403 1215 466 quamquam
1238 381 1362 466 Jung-

179 487 296 551 manni
320 510 495 552 assensum
510 488 592 552 tulit
608 484 745 569 (Philol.
764 486 937 574 Auzeiger
960 490 992 552 V
1014 512 1047 573 p.
1067 489 1128 552 139
1153 482 1241 573 sqq.)
1266 487 1363 554 mihi

178 601 294 659 tamen
318 594 409 679 quod
436 595 546 660 voluit
576 617 646 659 non
673 593 841 680 probavit.
889 595 1042 659 Primum
1071 595 1162 659 enim
1189 595 1361 681 16116666,

179 701 301 786 quibus
324 709 363 766 ut
386 708 457 766 tam
479 701 737 787 Euthydemum
766 725 866 787 quam
890 703 1103 768 Critobulum
1126 703 1378 790 Xenophonti

179 814 289 873 aetate
318 831 480 895 suppares
509 808 614 873 fuisse
644 810 825 893 existimet,
852 819 1037 874 commotus
1067 816 1127 894 est,
1157 811 1361 877 levissimae

179 916 236 980 vel
247 915 376 980 nullius
392 917 557 980 momenti
574 921 654 980 sunt
662 911 696 1001 ¹),
722 916 846 981 deinde
867 917 926 981 illa
946 918 1111 1002 colloquia
1127 940 1155 982 a.
1172 918 1362 984 422—418

181 1022 297 1087 habita
333 1046 405 1088 esse
440 1023 575 1110 probari
609 1046 678 1088 non
713 1030 835 1110 potest.
883 1024 1140 1109 Euthydemum
1167 1024 1260 1088 66116
1284 1024 1362 1090 iam
1452 1021 1455 1028 ’

181 1135 260 1194 6616
277 1153 305 1193 6.
323 1130 388 1194 417
415 1130 587 1195 Socratem
608 1130 731 1195 sectari
747 1132 897 1217 coepisse
921 1155 962 1195 ex
979 1154 1017 1196 ea
1032 1154 1100 1196 una
1115 1154 1151 1196 re
1168 1132 1360 1218 concludit,

182 1236 273 1321 quod
286 1236 343 1301 ille
357 1238 532 1303 aPlatone
551 1236 708 1321 (Conviv.
731 1261 763 1323 p.
778 1235 1153 1321 22211)1616186616116
1167 1239 1361 1325 discipulos

180 1351 472 1429 commemoratum
498 1346 799 1411 Conviviumvero
816 1369 844 1410 6.
862 1347 928 1410 417
944 1345 1099 1411 habitum
1119 1368 1192 1410 esse
1208 1346 1362 1432 fingitur

180 1450 318 1531 (Athen.
342 1454 383 1519 V.
408 1443 545 1539 6217).
586 1452 634 1518 Α1
657 1453 834 1517 Platonem
859 1453 983 1517 talibus
1008 1452 1045 1517 in
1067 1453 1166 1518 rebus
1191 1448 1362 1520 historiae

180 1558 283 1623 fidem
299 1582 368 1624 non
385 1583 535 1625 servasse
557 1570 591 1626 61
608 1561 745 1625 omnino
762 1567 894 1625 constat
910 1569 943 1624 et
959 1584 1067 1646 nuper
1082 1562 1361 1630 luculentissimo

181 1668 334 1753 exemplo
358 1690 377 1731 a
400 1667 780 1753 Mueller-Struebingio
810 1668 1076 1734 demonstratum
1106 1676 1167 1733 661.
1215 1669 1359 1750 (Ρ111161.

180 1780 204 1839 t.
222 1776 332 1862 suppl.
348 1776 399 1839 IV
418 1776 512 1840 1880.
538 1799 570 1862 p.
591 1774 678 1858 100).
714 1775 848 1841 Deinde
865 1798 980 1841 66166
997 1799 1081 1861 quae
1098 1777 1248 1841 Μ616.Π
1265 1760 1297 1862 6,
1309 1779 1359 1844 27

180 1883 351 1966 leguntur,
378 1882 421 1947 ad
438 1882 557 1947 foedus
582 1906 611 1947 6.
628 1883 694 1947 422
711 1883 753 1948 ab
770 1882 1039 1949 Atheniensibus
1057 1907 1134 1948 cum
1149 1883 1293 1968 Argivis
1319 1895 1361 1953 61

177 1984 371 2054 Arcadibus
407 1991 532 2054 initum
567 1989 744 2054 referenda
768 1991 852 2074 sint,
887 2013 956 2055 non
992 1991 1105 2075 video,
1142 2014 1251 2076 neque
1289 1992 1361 2060 hoc

179 2097 384 2183 colloquium
407 2104 487 2161 ante
510 2120 665 2184 pugnam
694 2099 965 2164 Mantineensem
990 2122 1018 2164 a,
1042 2100 1108 2163 418
1138 2099 1361 2167 commissam

178 2205 334 2270 habitum
364 2227 437 2269 esse
465 2228 506 2269 ex
534 2206 635 2269 Mem,
660 2206 705 2289 ΙΙ,
738 2206 768 2288 6,
800 2207 840 2270 18
868 2214 1018 2292 apparet,
1056 2229 1132 2271 6616
1155 2207 1362 2293 Xenophon

178 2335 336 2397 666166,
363 2335 449 2398 quae
472 2335 582 2399 nuper
605 2313 811 2397 6661161661,
837 2314 1007 2400 respiciat,
1033 2313 1092 2377 661
1109 2337 1195 2399 quae
1219 2336 1362 2401 semper

179 2421 332 2486 accidere
356 2425 509 2507 possunt,
533 2443 644 2506 neque
668 2420 704 2485 id
728 2421 818 2506 quod
841 2422 942 2485 Mem.
967 2421 985 2485 I
1008 2422 1028 2483 3
1052 2429 1217 2505 narratur,
1251 2420 1359 2488 insti-

180 2535 293 2593 tutum
317 2550 390 2592 esse
419 2551 495 2592 cum
523 2551 642 2614 pacem
664 2528 887 2593 Atheniensis
923 2536 1073 2614 agerent,
1111 2552 1151 2592 ex
1187 2529 1229 2592 iis
1268 2552 1362 2614 quae

181 2637 331 2701 sectione
366 2635 469 2699 tertia
505 2623 636 2699 decima
670 2636 832 2721 leguntur
867 2636 949 2699 satis
985 2644 1135 2721 apparet.
1166 2636 1362 2723 -Itaque

182 2744 390 2809 Gonvivium
413 2742 618 2827 relinquitur
642 2750 676 2807 et
700 2743 953 2827 Oeconomicus,
990 2744 1045 2828 qui
1084 2744 1121 2807 in
1156 2743 1247 2808 idem
1283 2743 1362 2812 fere

181 2859 315 2938 tempus
340 2850 460 2915 cadere
484 2850 630 2935 videtur,
668 2874 743 2914 6616
766 2851 963 2937 Xenophon
991 2851 1028 2914 in
1056 2858 1199 2936 utroque
1227 2851 1362 2938 scripto

182 2958 396 3024 Critobulum
419 2980 527 3042 nuper
549 2980 688 3023 uxorem
718 2957 855 3022 duxisse
883 2957 1002 3044 fingat.
1043 2958 1249 3023 Convivium
1272 2981 1361 3028 vero

94 3096 98 3105 ⁴
181 3066 345 3152 Autolyci
366 3066 512 3131 victoria
535 3065 756 3131 celebrandae
781 3088 880 3130 causa
896 3089 915 3130 a
932 3066 1041 3130 Callia
1058 3073 1256 3153 apparatum
1281 3089 1362 3134 esse

272 3295 299 3366 1)
328 3296 380 3353 cfr.
390 3294 510 3349 Nitsche
529 3315 556 3367 p.
566 3297 614 3349 26:
635 3295 706 3365 „Die
723 3296 939 3367 besprochenen
952 3295 1119 3352 Scenerieen
1139 3297 1275 3351 erlanben
1294 3315 1361 3354 nun

181 3386 314 3440 Schli'rsse
340 3386 393 3440 auf
413 3385 592 3456 Xenophons
617 3384 808 3456 Geburtszeit,
837 3385 904 3440 weil
932 3403 962 3439 er
990 3385 1193 3439 ausdriicklich
1220 3386 1359 3459 bezeugt,

183 3476 250 3531 dass
268 3494 299 3530 61
317 3475 364 3530 bei
377 3473 466 3529 ihnen
480 3475 681 3547 gegenwtrtig
694 3494 763 3530 war.
785 3517 790 3529 .
812 3518 817 3530 .
838 3517 844 3529 .
875 3474 930 3529 Die
943 3474 1107 3546 Gesprache
1120 3474 1173 3528 mit
1186 3475 1360 3546 Euthydem

181 3565 221 3620 im
246 3566 289 3619 IV
291 3607 297 3619 .
316 3564 416 3618 Buche
439 3565 534 3618 lassen
559 3564 668 3618 sodann
693 3566 761 3618 aber
784 3565 858 3619 auch
882 3565 937 3618 den
961 3564 1078 3618 Schluss
1102 3564 1156 3618 auf
1175 3565 1360 3636 Xenophons

182 3655 341 3726 damaliges
365 3654 449 3708 Alter
476 3673 519 3708 zu.
557 3654 598 3708 Er
620 3653 1125 3722 116116166616612666161611,
1155 3673 1204 3708 um
1223 3654 1361 3712 Socrates

181 3745 376 3815 Erziehungs-
390 3744 450 3797 und
462 3744 676 3798 Lehrmethode
695 3744 894 3812 darzustellen,
914 3742 982 3796 und
1000 3762 1092 3797 zwar
1111 3744 1192 3797 thut
1211 3760 1301 3798 6166
1320 3743 1360 3800 16

182 3833 579 3904 verh'a'ltnissmtssiger
597 3832 920 3887 Ausfiihrlichkeit.
957 3832 1075 3886 Daher
1097 3833 1136 3887 ist
1164 3833 1214 3887 der
1237 3832 1360 3890 Schluss

183 3924 412 3996 gerechtfertigt,
433 3923 499 3978 dass
515 3923 583 3993 jene
602 3921 767 3995 Gesprtche
786 3940 838 3977 aus
852 3922 1030 3993 Xenophons
1050 3921 1165 3993 eigener
1178 3922 1360 3978 Schiilerzeit

183 4019 326 4069 stammen
345 4013 405 4068 6111
424 4013 490 4067 1666
510 4030 541 4066 61
560 4017 635 4066 etwa
654 4011 781 4082 gleiches
800 4012 883 4066 Alter
901 4011 955 4066 mit
974 4011 1142 4082 Euthydem
1167 4012 1257 4080 hatte,
1287 4011 1360 4066 oder

183 4104 331 4172 vielmehr,
351 4104 388 4158 da
407 4121 438 4158 61
456 4103 555 4157 Inhalt
575 4102 634 4155 661
645 4103 793 4155 Ρ6166666
812 4103 862 4157 161
881 4102 1045 4175 Gesprache
1065 4102 1119 4156 mit
1131 4101 1359 4174 Beherrschung

183 4193 233 4248 des
252 4192 470 4263 Gegenstandes
489 4192 628 4262 darstcllt,
649 4191 714 4245 dass
734 4208 764 4244 er
777 4197 867 4246 etwas
887 4192 961 4247 'alter
980 4193 1022 4247 als
1036 4191 1203 4262 Euthydcm
1217 4189 1306 4245 war.“
1322 4222 1355 4229 —

185 4283 284 4354 Neque
303 4282 397 4354 magis
415 4299 450 4336 ex
475 4281 518 4350 iia,
547 4299 619 4351 quae
638 4281 761 4351 Apomn.
782 4282 840 4351 13,
859 4283 947 4335 8-15
966 4282 1112 4351 leguntur,
1131 4281 1358 4353 Xenophontem

188 4372 329 4427 minorem
348 4377 420 4427 natu
439 4370 528 4424 fuisse
547 4387 634 4441 quam
653 4368 835 4426 Critobulum
853 4377 980 4444 apparet.
