2932 4874
624 197 840 262 ..23-

144 402 185 443 ex
200 377 361 465 periculis
378 377 547 461 evaderet,
572 377 640 463 ipsi
662 376 830 462 redderet,
856 376 886 441 si
909 376 1076 463 periisset,
1100 375 1232 442 Dianae
1248 376 1318 442 iam

144 485 270 550 donum
297 484 425 550 faceret
448 483 569 565 (Anab.
593 485 680 575 Vv3,
704 480 760 567 6.).
796 485 915 570 Neque
939 506 1016 549 eum
1033 507 1075 548 ex
1090 484 1149 549 illa
1172 484 1318 571 pecunia

143 599 221 681 post
245 616 273 658 1.
299 592 365 657 384
388 593 547 674 sacellum
570 591 791 675 aedificasset,
818 593 966 658 Graecos
990 590 1118 656 milites
1146 591 1212 657 hoc
1236 591 1318 656 deae

145 700 320 764 dedicasse
343 700 380 764 in
404 722 443 764 ea
465 699 689 794 inscriptione
713 721 814 784 quam
834 699 908 786 ipse
929 698 1027 763 nobis
1050 697 1202 785 tradidit,
1228 720 1316 764 com-

145 807 346 872 memoravit
368 798 446 887 (An.
471 807 503 872 V
526 807 557 890 3,
584 807 625 870 13
650 805 709 871 cfr.
734 807 766 872 V
789 807 820 891 3,
845 805 900 885 5.).

380 927 402 1016 9
426 930 458 998 5.
506 930 549 998 De
573 929 791 1016 xenophontis
815 944 916 998 uxore
940 930 974 997 et
991 927 1082 998 ntis.

252 1037 454 1104 Scilluntem
492 1037 689 1124 Xenophon
731 1061 846 1103 secum
888 1038 1004 1103 nescio
1044 1061 1144 1124 quam
1181 1037 1318 1102 mulier-

150 1145 260 1210 culam
294 1145 401 1229 duxit,
430 1145 485 1209 eui
515 1167 640 1209 nomen
671 1144 842 1209 Philesiae
878 1150 950 1209 erat
984 1142 1098 1230 (Diog.
1122 1145 1224 1210 1152
1248 1146 1318 1209 lau-

145 1253 224 1318 dato
261 1250 459 1331 Demetrio).
520 1251 630 1329 Quam
670 1274 734 1337 quo
775 1253 848 1316 iure
886 1253 1104 1317 Ruestowius
1143 1251 1320 1338 pulchram

144 1360 307 1425 feminam
330 1382 383 1423 ex
416 1359 513 1424 10111
546 1364 663 1424 natam
698 1356 790 1424 dicat
824 1357 939 1443 (Milit.
964 1359 1081 1445 Biogr.
1106 1357 1227 1442 1211)
1251 1381 1321 1426 101

144 1468 256 1532 minus
287 1461 454 1552 ign0r01),
502 1489 603 1551 quam
642 1488 701 1530 eur
736 1466 1023 1533 Wilamowitzius
1059 1489 1134 1531 eam
1171 1466 1320 1532 Athenis

144 1574 322 1640 oriundam
351 1574 457 1639 fuisse
486 1579 557 1638 tam
585 1573 776 1660 praefracte
810 1569 1031 1658 negaverit2),
1068 1597 1145 1639 eum
1174 1573 1216 1638 de
1247 1574 1320 1639 eius

143 1683 276 1767 origine
310 1681 400 1747 nihil
435 1687 576 1746 constet.
635 1682 689 1746 Ex
725 1703 764 1745 ea
804 1681 896 1745 enim
931 1703 982 1765 re,
1023 1679 1114 1766 quod
1148 1680 1320 1766 Diogenes

145 1790 239 1854 illam
269 1781 399 1871 γύναιον
421 1789 572 1873 loquitur
594 1789 616 1853 l.
641 1788 674 1872 1.,
710 1787 799 1852 nihil
834 1788 952 1873 colligi
986 1794 1109 1875 potest,
1143 1788 1212 1852 nisi
1237 1787 1320 1853 Phi-

144 1896 263 1961 lesiam
285 1896 427 1961 nonita
454 1895 561 1961 nobili
589 1895 662 1960 loco
690 1903 806 1960 natam
835 1894 954 1979 fuisse,
990 1918 1101 1981 neque
1136 1895 1321 1981 quidquam

147 2003 228 2068 inde
265 2003 475 2090 proficimus,
525 2003 615 2088 quod
657 2001 761 2087 filios,
808 2003 867 2088 qui
909 2003 1001 2068 inter
1043 2003 1175 2089 equites
1213 2003 1321 2068 Athe·

144 2112 281 2176 nienses
322 2110 494 2197 stipendia
532 2116 742 2194 meruerunt,
779 2111 817 2175 in
853 2111 1029 2176 civitatem
1061 2118 1215 2198 receptos
1248 2133 1321 2176 esse

144 2224 286 2304 oportet.
333 2219 422 2283 Nam
448 2217 592 2282 Periclis
615 2218 675 2281 illa
698 2212 797 2301 lex3),
834 2240 899 2302 qua
927 2218 986 2303 qui
1010 2241 1028 2282 a
1050 2225 1147 2304 patre
1169 2217 1317 2283 Atheni·

143 2326 226 2410 ensi,
250 2324 310 2390 sed
326 2348 368 2390 ex
382 2331 490 2391 matre
503 2325 699 2410 alienigena
711 2325 777 2389 orti
791 2332 914 2410 essent,
933 2325 1072 2390 civitate
1087 2326 1215 2412 privati
1226 2330 1318 2410 sunt,

143 2433 241 2498 brevi
264 2440 418 2519 tempore
441 2432 620 2496 interiecto
637 2433 795 2518 neglecta
819 2455 893 2497 esse
909 2432 1054 2517 videtur,
1077 2433 1203 2518 quippe
1218 2454 1320 2518 quam

146 2563 174 2604 a.
199 2537 302 2624 404s3
327 2547 413 2605 eta.
439 2535 541 2622 346s5
564 2540 723 2604 renovari
746 2547 917 2626 oporteret
940 2537 1014 2623 (cfr.
1039 2538 1203 2634 Philippi,
1238 2539 1319 2604 Bei-

147 2653 245 2732 trage
268 2645 519 2712 1.(110011111111
543 2646 574 2711 d.
599 2645 672 2712 Att.
690 2647 820 2712 Rechts
844 2670 876 2732 p.
894 2647 959 2727 33).
992 2647 1152 2711 Fortasse
1168 2646 1321 2712 Philesia

147 2776 216 2818 una
243 2777 283 2819 ex
312 2755 381 2820 illis
406 2753 544 2818 feminis
573 2753 655 2838 fuit,
690 2774 775 2839 quae
808 2754 964 2819 fortunae
998 2777 1034 2818 se
1068 2754 1320 2820 committentes

152 2862 318 2927 exereitus
347 2869 578 2947 sequerentur,
608 2899 649 2906 -
678 2861 768 2946 quod
797 2861 881 2946 quin
904 2860 1133 2926 Athenienses
1160 2861 1320 2926 mulieres

256 3018 282 3091 1)
318 3021 432 3075 Nomen
451 3020 528 3074 enim
540 3018 668 3073 Philesia
682 3019 758 3090 quod
770 3025 886 3092 praeter
896 3019 1057 3090 Diogenem
1070 3019 1252 3090 Suidamque,
1271 3019 1322 3090 qni

147 3112 289 3175 φιλησίαν
306 3109 453 3180 exhibent,
472 3128 530 3163 non
549 3108 605 3162 nisi
622 3108 722 3163 Ionica
740 3108 834 3163 forma
854 3111 972 3174 Φιλησίη
991 3108 1049 3180 legi
1060 3108 1177 3164 videtur
1189 3108 1320 3176 (Anthol.

146 3217 211 3270 app.
231 3216 274 3270 ep.
294 3200 355 3256 259.
384 3197 686 3268 1111116163),
710 3198 740 3252 id
763 3203 969 3269 argumentum
997 3197 1068 3253 satis
1096 3197 1244 3270 probabile
1261 3217 1321 3254 non

147 3287 289 3343 existimo.

254 3378 283 3444 2)
319 3376 525 3446 Wilamowitz,
544 3375 683 3446 Antigon.
697 3395 725 3431 v.
738 3377 808 3431 Kar.
828 3397 855 3450 p.
870 3378 936 3432 133:
957 3377 1013 3446 „Es
1031 3378 1162 3433 versteht
1180 3377 1243 3432 sich
1262 3396 1322 3432 von

148 3466 247 3537 selbst,
275 3466 341 3521 dass
360 3465 490 3520 Dinarch
508 3465 562 3519 mit
581 3465 742 3520 formellem
761 3466 855 3521 Reeht
874 3467 919 3522 die
938 3466 1009 3536 Ehe,
1029 3467 1080 3521 der
1097 3465 1243 3521 Diodorus
1261 3466 1322 3520 und

147 3557 267 3627 Gryllus
281 3561 465 3627 entsprossen
478 3555 551 3626 sind,
571 3556 613 3609 als
631 3554 812 3609 Concubinat
825 3556 951 3626 ansieht;
971 3556 1047 3610 denn
1064 3555 1115 3609 das
1132 3555 1206 3609 wird
1223 3554 1323 3610 keiner

78 3714 83 3722 Ι
148 3645 282 3715 glauben,
310 3644 377 3699 dass
396 3645 447 3698 das
465 3644 559 3714 Weib,
588 3645 639 3698 das
663 3645 728 3698 dem
746 3645 910 3716 Xenophon
928 3644 1049 3714 Anfang
1068 3645 1118 3699 der
1135 3645 1212 3699 80er
1230 3645 1322 3699 Jahre

148 3734 193 3789 die
212 3734 309 3789 Sbhne
328 3734 454 3804 geboren
472 3735 533 3800 hat,
562 3733 625 3788 eine
643 3732 805 3787 Athenerin
829 3728 898 3804 war,
927 3733 987 3788 und
1010 3733 1177 3789 keinesfalls
1195 3751 1258 3788 war
1276 3733 1322 3788 dic

147 3824 210 3879 Ehe
228 3824 259 3878 in
271 3824 371 3878 Athen
389 3821 608 3893 111111111111111.ιι
637 3822 779 3893 Equidem
792 3840 884 3893 neque
897 3823 1101 3895 Xenophontis
1114 3841 1180 3878 cum
1194 3823 1323 3878 Philesia

147 3913 387 3969 consuetudinem
415 3911 639 3966 concubinatum
666 3931 683 3966 a
712 3913 860 3966 Dinarcho
890 3911 999 3965 dictam
1027 3930 1088 3967 esse
1115 3911 1200 3967 video
1228 3929 1322 3983 neque

147 4002 223 4057 filios
241 4021 266 4060 a.
286 4004 340 4056 389
358 4001 405 4057 vel
423 4001 477 4054 388
500 4007 585 4055 natos
612 4006 691 4072 puto,
720 4019 814 4072 neque
837 4000 966 4056 Philesia
992 4002 1068 4057 unde
1092 4007 1155 4055 orta
1178 4001 1225 4072 sit,
1253 4001 1322 4072 scic,

148 4109 240 4162 neque
259 4111 309 4147 cur
327 4090 554 4161 matrimonium,
574 4091 650 4162 quod
664 4091 745 4144 exsul
758 4091 822 4162 quis
834 4089 941 4158 inierit,
960 4089 1146 4162 illegitimum
1165 4090 1212 4160 sit,
1232 4090 1321 4146 etiam

148 4200 214 4236 cum
232 4182 281 4236 ifle
298 4181 330 4236 in
348 4181 474 4253 patriam
492 4185 644 4235 revocatus
664 4180 710 4251 sit,
729 4179 875 4250 intellego,

256 4270 284 4341 3)
321 4270 463 4326 Periclem
495 4269 589 4340 legem
622 4269 735 4336 tulisse,
768 4288 827 4324 101
859 4269 1042 4340 antiquatam
1066 4268 1227 4325 restituisse
1255 4288 1322 4325 eum

152 4360 253 4414 Grotio
277 4360 326 4431 (H.
351 4360 384 4415 of
405 4359 455 4414 Gr.
474 4359 547 4413 VIII
567 4377 589 4413 c.
610 4357 655 4429 66)
679 4359 799 4430 aliisque
822 4358 886 4427 (cfr.
910 4358 1038 4430 Philippi
1060 4359 1078 4412 1.
1097 4359 1115 4442 l.
1136 4378 1162 4431 p.
1182 4360 1217 4414 28
1235 4378 1255 4414 1
1274 4357 1320 4429 44)
