2932 4874
629 197 849 266 -29···

153 387 206 446 est
234 387 268 445 et
295 379 573 446 Lacedaemoniis
608 380 712 445 fidem
745 380 909 465 servavit,
945 379 1049 445 etiam
1084 402 1160 445 cum
1195 386 1326 446 ceterae

152 489 320 555 Arcadiae
355 488 512 553 civitates
547 487 588 553 ab
624 488 667 552 iis
704 487 910 565 defecissent
937 485 1041 571 (Hell.
1065 487 1116 553 VI
1144 489 1174 572 5,
1204 487 1259 568 25)
1283 525 1325 534 -

152 598 322 662 Heraeam
346 595 431 679 dico,
456 595 528 660 eius
551 617 676 660 nomen
692 595 734 659 ab
754 595 797 659 iis
815 617 899 680 quae
915 594 1160 681 Neapolitanus
1177 595 1324 680 exhibet,

151 703 299 769 nimium
322 701 478 768 recedere
502 702 648 788 videtur,
673 725 876 788 quamquam
899 723 932 762 αι
952 708 1025 787 etq
1050 725 1152 788 saepe
1173 703 1211 767 in
1235 702 1326 767 codi-

154 811 248 876 cibus
281 816 464 876 mutantur.
511 810 631 894 ltaque
664 801 711 883 εἰς
743 801 802 894 τὴν
825 798 966 892 Ἡραίαν
1001 808 1216 874 scribendum
1252 832 1325 874 esse

153 941 222 984 non
246 917 413 983 contendo
422 909 457 1000 ¹),
493 915 553 980 sed
586 916 669 980 satis
696 915 803 981 habeo
832 916 1059 1000 constituisse,
1096 939 1211 982 eorum
1247 940 1323 982 sen-

152 1025 307 1109 tentiam,
332 1024 391 1109 qui
417 1023 684 1109 Xenophontem
711 1024 805 1088 Elim
833 1022 1028 1108 confugisse
1057 1022 1185 1109 dicunt,
1213 1046 1324 1109 neque

153 1132 361 1218 probabilem
374 1154 446 1196 esse
458 1128 569 1215 neque
581 1130 796 1214 antiquitatis
813 1130 1020 1195 testimoniis
1037 1130 1113 1196 niti.
1132 1167 1173 1175 —
1190 1131 1325 1196 Deinde

154 1262 231 1303 eum
245 1240 415 1325 Lepreum
439 1237 482 1302 ad
504 1237 593 1302 filios
617 1243 718 1322 atque
743 1261 819 1302 cum
843 1238 886 1302 iis
909 1237 1112 1303 Corinthum
1135 1237 1325 1324 profectum

153 1369 226 1411 esse
258 1345 450 1411 Dinarchus
484 1345 582 1410 testis
612 1351 663 1409 est
686 1345 708 1410 1.
733 1346 769 1428 1.,
805 1344 982 1410 Nitschius
1016 1367 1098 1409 vero
1134 1345 1225 1429 quod
1259 1346 1326 1411 sibi

150 1453 329 1540 persuasit,
354 1453 413 1538 qui
437 1476 513 1517 eum
537 1459 719 1537 antequam
744 1452 946 1518 Corinthum
969 1451 1044 1535 iret,
1081 1452 1238 1538 Spartam
1266 1476 1324 1518 ve-

151 1561 245 1625 nisse
270 1567 372 1644 atque
395 1558 551 1645 Agesilai
575 1558 801 1645 expeditionis
832 1566 948 1624 contra
971 1559 1182 1624 Mantineam
1205 1559 1324 1625 urbem

150 1691 179 1733 a.
197 1667 263 1732 370
280 1674 455 1752 susceptae
472 1667 600 1731 socium
617 1665 722 1731 fuisse
738 1673 844 1753 putat,
863 1667 899 1731 id
915 1666 1080 1731 absonum
1098 1666 1235 1751 quidem
1255 1690 1325 1732 non

152 1780 214 1858 est,
244 1774 546 1858 sedHell.V15,
578 1774 706 1838 10-21
736 1797 806 1839 11011
834 1775 916 1838 satis
949 1775 1118 1866 probatur,
1167 1774 1324 1839 Corinthi

152 1887 265 1946 autem
299 1904 406 1966 usque
440 1880 483 1945 ad
514 1888 702 1947 extremum
737 1882 829 1946 vitae
865 1881 956 1945 diem
991 1886 1215 1958 commoratus
1251 1890 1345 1947 esse'

151 1988 296 2073 videtur,
321 2011 397 2053 cum
422 2010 499 2052 eum
521 1987 585 2052 hac
609 1989 647 2053 in
669 1989 752 2054 urbe
777 2011 818 2053 ex
841 1988 914 2052 vita
938 1987 1133 2052 discessisse
1150 1980 1323 2076 Diogenes

149 2095 319 2160 Demetrii
341 2093 514 2180 Magnetis
538 2078 738 2161 auctoritate
761 2096 857 2160 nisus
881 2094 1006 2159 referat
1029 2091 1133 2177 (1156
1150 2094 1210 2160 cfr.
1227 2096 1264 2161 Π
1279 2097 1322 2160 53

150 2194 285 2286 ἔπεμψε
308 2194 384 2275 τοὺς
407 2198 535 2275 παῖδας
558 2194 604 2275 εἰς
620 2194 679 2276 τὰς
692 2191 861 2286 Ἀθήνας).
899 2201 993 2279 Quae
1010 2201 1102 2265 enim
1118 2225 1137 2265 a
1153 2203 1323 2267 Pausania

149 2311 182 2376 V
207 2307 238 2394 6,
269 2311 288 2374 6
320 2309 445 2374 tradita
473 2314 567 2393 sunt,
600 2309 658 2393 qui
687 2317 904 2394 exegetarum
932 2309 1093 2373 Eleorum
1123 2310 1320 2374 testimonio

148 2417 303 2484 adhibito
326 2417 591 2502 Xenophontem
625 2415 727 2480 venia
759 2439 800 2480 ex
828 2415 1000 2502 Olympici
1028 2421 1165 2480 senatus
1193 2416 1320 2482 iudicio

149 2525 330 2610 impetrata
347 2524 548 2589 Scilluntem
564 2522 705 2587 rediisse
722 2523 838 2608 ibique
863 2523 954 2587 diem
977 2545 1172 2608 supremum
1196 2523 1320 2589 obiisse

148 2625 306 2715 narrac2),
335 2654 374 2695 ea
401 2630 442 2694 ab
466 2627 562 2694 Eleis
585 2629 628 2695 ad
651 2630 820 2695 invidiam
853 2630 1032 2695 clarissimi
1061 2631 1235 2717 scriptoris
1265 2656 1322 2696 ex·

148 2737 238 2824 pulsi
261 2736 480 2802 minuendam
503 2737 586 2803 ficta
611 2761 683 2804 esse
706 2737 869 2803 videntur
892 2738 1052 2822 (Kruger.
1071 2737 1167 2803 Stud.
1190 2739 1319 2806 11276.

148 2844 320 2910 Letronne
340 2846 362 2909 l.
384 2846 406 2910 1.
430 2869 461 2931 p.
480 2846 555 2910 382.
593 2845 708 2929 Crete,
732 2846 857 2910 Platon
879 2845 1032 2909 111568.
1057 2846 1101 2909 H.
1127 2844 1166 2910 of
1185 2847 1243 2912 Gr.
1261 2848 1317 2914 IX

148 2953 271 3018 24611.
299 2952 339 3036 1),
365 2976 442 3017 oum
469 2975 539 3018 non
566 2953 719 3018 iudicum
748 2951 920 3017 sententia
946 2952 1005 3016 ille
1029 2952 1222 3038 excidisset,
1258 2955 1317 3019 sed

146 3059 273 3146 oppido
299 3066 491 3146 expugnato
515 3051 705 3144 φιλολάκων
728 3058 928 3144 aufugisset.

252 3168 358 3232 Brevi
373 3189 454 3232 vero
470 3173 623 3253 tempore
639 3173 817 3253 postquam
835 3165 1039 3232 Corinthum
1050 3168 1318 3254 transmigravit,

148 3297 225 3339 cum
248 3274 358 3360 patria
382 3275 420 3338 in
442 3274 589 3358 gratiam
611 3273 754 3339 rediisse
776 3273 923 3339 videtur.
955 3274 1003 3338 Et
1025 3274 1167 3340 rediisse
1183 3275 1320 3361 quidem

254 3470 281 3537 1)
318 3467 454 3523 Proxime
472 3468 509 3522 ad
528 3486 569 3538 ea,
593 3485 667 3538 quae
685 3461 894 3539 Neapolitanus
913 3467 1038 3537 exhibet,
1063 3459 1130 3534 ‘'Ytq
1159 3470 1315 3541 accederet,

146 3558 197 3613 sed
217 3558 278 3612 eius
297 3557 422 3611 nominis
441 3557 578 3629 oppidum
602 3557 632 3611 in
655 3557 855 3629 Peloponneso
878 3557 991 3610 nullum
1014 3556 1169 3614 invenitur.
1191 3589 1223 3595 —-
1241 3551 1319 3616 Ἕλος

143 3648 175 3702 111
204 3647 288 3702 Elide
317 3652 559 3702 commemoratur
584 3665 601 3700 0
620 3646 810 3733 8110101101).
832 3647 954 3700 109111.
986 3645 1112 3715 Curtius,
1131 3647 1313 3719 Peloponnes

145 3738 319 3808 ΙΙ114,47.

251 3828 280 3894 2)
317 3828 403 3879 PaUS.
427 3826 454 3881 V
478 3827 503 3895 6,
527 3827 558 3879 6:
588 3827 622 3878 Oi
650 3824 681 3877 δὲ
709 3818 822 3876 Ἠλείων
850 3826 975 3893 ἐξηγηταὶ
994 3829 1173 3896 κομίσασθαί
1189 3845 1216 3879 τε
1237 3821 1319 3884 αὖθις

144 3914 315 3968 Σκιλλοῦντα
332 3908 455 3972 ’Illssovs¹
473 3915 567 3984 ἔλεγον
585 3918 630 3965 καὶ
653 3913 818 3983 Ξενοφῶντα
838 3905 879 3965 ὅτι
899 3914 977 3980 ἔλαβε
991 3906 1068 3983 παρὰ
1081 3913 1318 3986 Λακεδαιμονίων

142 3997 191 4071 τὴν
209 4004 268 4074 γῆν,
288 4003 419 4075 κριθῆναι
431 4004 485 4075 μὲν
504 4006 533 4056 ἐν
550 4003 582 4075 τῇ
604 3996 754 4075 Ὀλυμπικῇ
769 4002 860 4075 βουλῇ,
879 3995 994 4071 raptura
1009 4000 1040 4054 dl
1058 3997 1222 4074 συγγνώμης
1240 3997 1317 4075 παρὰ

142 4086 256 4146 Ἠλείων
284 4086 372 4151 ἀδεῶς
403 4095 432 4145 ἐν
460 4092 621 4146 Σκιλλοῦντι
650 4093 767 4160 οἰκῆσαι.
796 4096 844 4144 καὶ
868 4085 902 4159 δὴ
926 4095 973 4143 καὶ
997 4084 1092 4160 ὀλίγον
1116 4086 1246 4163 ἀπωτέρω
1266 4093 1314 4146 τοῦ

144 4182 220 4254 ἱεροῦ
238 4176 336 4254 μνῆμά
349 4202 375 4236 τε
396 4182 534 4235 ἐδείκνυτο
553 4187 599 4233 καὶ
613 4182 657 4249 τῆς
671 4186 837 4254 Πεντέλῃσίν
856 4184 913 4234 ἐστι
932 4184 1096 4252 λιθοτομίας
1115 4174 1195 4234 εἰκών
1214 4184 1261 4234 ca
1281 4182 1318 4251 τῷ

141 4266 229 4342 τάφῳ·
250 4271 320 4325 εἶναι
341 4271 372 4325 111
397 4264 462 4324 αὐτὸ
482 4271 658 4342 Ξενοφῶντος
680 4275 808 4342 λέγουσιν
831 4274 858 4324 οἱ
881 4269 1100 4342 προσοικοῦντες.
1126 4300 1158 4309 -
1187 4270 1317 4343 Apparet

142 4361 241 4433 igitur,
261 4380 366 4416 nomen
390 4361 596 4433 Xenophontis
614 4361 657 4415 illi
674 4361 803 4432 sepulcro
823 4360 994 4433 inscriptum
1013 4379 1072 4414 non
1090 4359 1188 4417 fuisse.
