2932 4874
621 209 840 274 „91-

145 410 221 453 cum
245 395 314 454 tam
337 387 435 454 brevi
458 394 610 476 tempore
633 412 703 454 non
726 390 784 454 ille
806 391 918 476 perire
942 391 1094 476 alterque
1118 390 1316 476 addipotu·

134 493 218 560 erit.
254 495 369 581 Atque
393 496 534 561 fulcitur
558 498 711 583 epilogus
736 519 776 562 ea
790 519 836 582 re,
861 497 951 583 quod
966 497 1163 585 Xenophon
1184 498 1317 562 similli-

143 626 236 668 mum
251 603 366 668 libello
379 603 421 668 de
437 604 783 669 Lacedaemoniorum
796 605 970 691 republica
987 613 1088 691 caput
1111 605 1199 672 XIV
1221 605 1316 669 addi-

145 709 205 795 dit,
230 732 295 795 quo
320 713 489 776 contraria
512 711 665 799 disputat
687 736 726 778 ao
749 735 810 798 per
833 719 943 778 totum
967 714 1101 797 librum,
1128 719 1162 778 et
1191 713 1314 797 omnia,

146 840 366 903 quaecunque
390 819 461 883 illic
485 818 680 906 descripsit,
714 818 865 884 obsoleta
893 819 977 885 dicit
1000 823 1100 905 atque
1123 820 1316 908 praeterita.
1401 882 1404 887 .

142 925 262 1011 Itaque
287 926 444 1010 equidem
467 949 537 990 non
561 926 688 1010 dubito,
725 927 809 1011 quin
843 933 959 991 noster
984 927 1137 1013 epilogus
1161 928 1316 992 aXeno-

142 1032 271 1119 phonte
296 1032 441 1119 scriptus
466 1040 500 1098 et
525 1034 736 1120 Cyropaedia
759 1041 836 1120 post
859 1058 887 1099 a.
914 1035 980 1098 364
1004 1034 1158 1100 confecta
1182 1035 1237 1099 sit.

354 1240 356 1244 2
410 1190 511 1279 523.
560 1194 602 1261 sse
628 1193 728 1263 libello
754 1194 792 1261 de
816 1194 1039 1279 rusticalibus.

250 1319 420 1404 Sequitur,
445 1325 484 1384 ut
507 1319 549 1383 de
573 1319 640 1383 lbri
663 1320 722 1404 qui
745 1311 853 1404 Πόροι
877 1320 1085 1406 inscribitur,
1110 1327 1262 1408 tempore
1283 1328 1317 1387 et
1419 1383 1421 1387 Α

144 1426 344 1491 auctoritate
369 1425 582 1491 disseramus
632 1427 740 1504 Quem
763 1427 940 1493 Weiskius
964 1428 1046 1492 olim
1069 1451 1098 1493 a.
1122 1428 1317 1514 42480111)-

142 1538 216 1597 tum
240 1556 313 1598 esse
338 1535 479 1619 censuit,
506 1534 566 1598 sed
581 1534 664 1599 haec
681 1535 852 1599 sententia
868 1558 937 1600 una
953 1536 1103 1600 sectione
1120 1536 1162 1599 25
1180 1559 1250 1622 cap.
1268 1536 1318 1601 IV
1434 1608 1437 1614 ἧ

143 1641 225 1704 satis
259 1640 442 1724 refutatur,
480 1664 545 1726 qua
579 1642 707 1706 bellum
734 1643 921 1708 Decelense
951 1644 1046 1708 velut
1074 1644 1215 1728 longum
1238 1649 1318 1708 ante

142 1753 276 1834 tempus
300 1754 435 1834 gestum
460 1748 505 1812 sit
528 1755 817 1813 commemoratur.
865 1750 1059 1814 Bocchhius
1084 1773 1164 1815 vero
1188 1751 1317 1836 primus

141 1854 296 1920 libellum
330 1856 477 1942 tempori
510 1862 588 1942 post
618 1856 745 1921 bellum
774 1857 898 1921 sociale
928 1856 1121 1922 confectum
1161 1858 1318 1922 attribuit

143 1961 373 2042 (Staatshshlt.
398 1957 440 2027 Ι2
465 1963 528 2027 777
550 1959 601 2046 c).
639 1963 755 2029 Socios
785 1964 877 2028 enim
901 1965 942 2030 ab
966 1963 1237 2030 Atheniensibus
1261 1965 1317 2029 de-

42 2061 64 2077 ⁴
142 2068 264 2134 fecisse
287 2069 457 2154 quondam
485 2070 629 2156 scriptor
658 2070 743 2135 dicit
766 2071 834 2136 76
859 2109 900 2116 -
925 2054 1079 2157 idquod
1106 2073 1195 2137 bello
1219 2073 1317 2137 Pelo·

143 2177 346 2262 ponnesiaco
382 2177 510 2242 factum
546 2183 609 2261 est,
646 2214 687 2221 —-
727 2178 852 2243 deinde
875 2187 1090 2265 recuperatos
1126 2202 1198 2244 esse
1234 2180 1317 2266 ipsis

143 2284 373 2369 principatum
398 2283 631 2349 obferentibus
654 2285 723 2349 76
754 2322 796 2329 -
825 2285 870 2369 id,
896 2286 986 2371 quod
1009 2310 1037 2351 a.
1062 2287 1128 2351 378
1151 2286 1317 2371 fecerunt,

40 2374 44 2384 ¹
144 2414 220 2456 oum
244 2393 350 2456 altera
373 2390 624 2456 confoederatio
649 2392 799 2456 civatum
823 2394 1071 2458 maritimarum
1095 2394 1248 2477 iniretur,
1274 2431 1316 2439 -

144 2498 290 2583 denique
314 2499 438 2563 iterum
463 2499 603 2563 amissos
628 2522 701 2563 esse
725 2500 757 2565 V
780 2501 800 2564 b
831 2537 872 2544 -
901 2501 951 2584 id,
977 2501 1066 2586 quod
1089 2501 1178 2566 bello
1202 2501 1318 2566 sociali

143 2628 172 2671 a.
197 2607 373 2670 357-355
397 2613 494 2692 gesto
518 2606 652 2672 accidit.
690 2608 777 2672 Oum
791 2630 873 2672 vero
895 2608 1030 2672 libellus
1047 2607 1317 2673 Atheniensibus

143 2736 261 2799 pacem
296 2714 478 2799 agentibus
507 2715 712 2800 compositus
741 2715 787 2779 sit
822 2714 884 2795 (IV
906 2715 959 2779 40.
985 2716 1017 2779 7
1042 2716 1092 2779 12.
1121 2716 1173 2779 IV
1195 2716 1226 2780 4.
1250 2716 1317 2801 43),

146 2819 206 2884 sed
228 2820 325 2885 brevi
348 2826 500 2907 tempore
523 2827 702 2907 postquam
724 2822 853 2886 bellum
877 2829 967 2886 esset
995 2821 1202 2905 confectum,
1238 2822 1317 2907 quia

144 2934 260 2992 auctor
282 2919 339 2988 τὸν
362 2927 416 2988 νῦν
439 2920 587 3006 πόλεμον
609 2928 760 3014 loquitur
782 2929 833 2993 IV
856 2929 909 3011 40,
933 2929 1128 2993 Boeokhius
1150 2952 1228 2992 eum
1243 2930 1317 3016 ipso

143 3058 171 3099 a.
197 3035 261 3099 355
284 3036 399 3122 paullo
423 3043 500 3122 post
522 3035 654 3099 bellum·
673 3036 795 3099 sociale
819 3042 1029 3100 transactum
1052 3036 1218 3122 scriptum
1243 3059 1317 3102 esse

143 3142 285 3206 censuit.
334 3142 443 3219 Quam
467 3143 672 3207 sententiam
695 3150 811 3206 nostra
834 3148 945 3207 aetate
969 3143 1109 3229 plurimi
1132 3143 1200 3207 viri
1224 3143 1316 3208 docti

143 3244 374 3334 sequuntur.1)
433 3251 560 3315 Oontra
594 3250 639 3314 H.
674 3250 853 3335 Hagenius
889 3251 970 3331 (Eos
1005 3250 1042 3315 H
1080 3247 1157 3335 149)
1192 3251 1318 3316 librum

141 3357 230 3423 bello
267 3379 361 3421 sacro
396 3356 551 3422 confecto
584 3363 734 3422 extremo
763 3350 879 3422 mense
908 3357 1167 3445 Scirophorione
1196 3381 1225 3423 a.
1250 3359 1316 3423 346

143 3465 367 3550 compositum
391 3470 425 3528 et
448 3487 467 3528 a
490 3464 720 3550 Xenophonte
744 3465 893 3529 alienum
917 3488 990 3530 esse
1015 3466 1157 3530 censuit.
1207 3466 1315 3543 Quem

143 3594 346 3656 quamquam
361 3571 596 3636 Beokhausius
613 3578 748 3637 secutus
773 3579 833 3657 est,
859 3573 918 3657 qui
933 3574 1025 3638 huno
1042 3595 1175 3658 quoque
1191 3572 1317 3637 librum

142 3678 367 3766 Xenophonti
391 3701 450 3743 suo
475 3679 600 3743 minori
622 3679 759 3763 tribuit,
784 3686 900 3744 tamen
923 3681 1017 3745 illam
1042 3681 1249 3744 sententiam
1273 3680 1316 3744 iis

144 3807 228 3870 quae
253 3786 470 3869 Gleinigerus
493 3786 767 3871 Zurborgiusque
796 3786 1072 3873 disputaverunt,
1109 3787 1191 3852 satis
1226 3784 1316 3851 refu-

142 3898 248 3957 tatam
273 3914 345 3956 esse
368 3897 533 3978 putarem,
557 3893 626 3957 nisi
649 3915 757 3979 nuper
775 3894 1011 3981 Holzapfelius
1036 3894 1233 3978 exstitisset,
1258 3894 1318 3979 qui

250 4102 277 4173 1)
314 4104 448 4175 Krueger
466 4103 546 4158 Stud.
566 4103 670 4158 11283.
697 4104 853 4159 Schneider
872 4105 907 4159 ed
925 4104 967 4158 VI
987 4106 1046 4159 155.
1074 4106 1180 4176 Bergk.
1199 4105 1316 4176 Encyol.

142 4193 219 4263 181,
238 4194 299 4247 390.
330 4192 419 4248 Cobet
437 4193 512 4248 Nov.
531 4193 610 4247 Lect.
631 4194 683 4247 759
702 4211 761 4264 sqq.
791 4193 928 4248 Sohaefer
946 4194 1096 4249 Demosth.
1118 4194 1211 4248 1170.
1241 4194 1317 4249 Glei-

142 4280 232 4353 niger,
251 4282 295 4336 De
314 4281 517 4354 Xenophontis
536 4280 633 4336 libello
652 4282 701 4351 qui
721 4276 811 4353 Πόροι
830 4282 946 4337 inscrib.
974 4283 1115 4354 Zurborg,
1134 4284 1208 4338 Xen.
1222 4283 1269 4340 lib.
1290 4302 1315 4355 q.

144 4365 233 4442 Πόροι
251 4372 337 4426 inser.
358 4371 483 4441 Curtius
502 4369 570 4427 ΠΙ5
588 4371 649 4426 806.
