2932 4874
563 231 782 299 -77.„

83 403 253 479 rationem
272 414 429 480 habuerit
436 410 471 498 1).
503 415 718 480 Platonicum
733 435 813 480 3333
831 412 1037 478 (1333131333
1053 423 1129 501 post
1145 438 1173 480 a.
1191 415 1257 480 385

84 521 251 608 scriptum
275 544 347 587 esse
372 529 512 606 constat,
538 545 614 587 oum
628 521 824 586 Mantineae
847 520 940 586 urbis
964 521 1002 585 in
1024 521 1118 586 vioos
1135 521 1257 587 distra-

83 635 162 693 ctae
176 627 305 694 mentio
321 629 381 694 fiat
397 629 440 716 (p.
461 630 524 693 193
541 649 574 710 a3
600 628 659 694 ofr.
678 630 781 694 Grote
802 628 835 692 X
851 629 904 693 50.
921 628 1059 693 Curtius
1075 624 1148 693 ΠΙὖ
1165 625 1255 713 232).

82 735 166 822 Ipso
195 742 307 801 autem
335 760 364 802 a.
390 738 455 802 385
483 737 539 802 vel
567 760 595 800 3.
621 736 687 799 384
713 736 893 802 Platonem
920 737 1049 801 recenti
1083 729 1142 800 1113
1167 759 1256 830 casu,

63 902 67 908 .
82 849 127 908 33
143 866 163 907 a
177 866 258 908 vera
273 844 436 931 temporis
457 845 589 909 3331333
610 844 791 929 aberraret,
816 849 1030 928 commotum,
1054 843 1137 908 haee
1153 845 1258 930 serip-

83 945 204 1031 sisse2)
227 952 321 1016 nulla
343 974 379 1016 re
402 952 581 1038 probatum
605 973 677 1016 3333
701 951 810 1016 video.
855 951 963 1016 Immo
987 950 1017 1015 si
1039 952 1138 1016 Plato
1161 952 1258 1016 Man·

82 1058 273 1125 tinensium
305 1060 532 1124 calamitatem
564 1058 676 1144 paullo
711 1064 891 1143 postquam
927 1058 1065 1142 aooidit,
1101 1051 1259 1145 neglecta
1316 1107 1319 1110 -

81 1171 278 1251 temporum
301 1167 432 1232 ratione
456 1168 551 1231 33133
586 1172 665 1230 3333
694 1165 856 1230 03331311
884 1172 1019 1252 tempus
1043 1165 1133 1230 faeta
1157 1174 1257 1253 esset,

84 1275 429 1359 commemoravisset,
446 1274 512 1339 hoe
525 1275 680 1359 legentes
696 1273 806 1358 magis
823 1257 994 1337 offendere
1012 1273 1140 1358 debuit,
1159 1296 1260 1358 quam

85 1379 219 1464 aliquot
253 1381 351 1445 annis
391 1381 589 1446 interiectis.
648 1380 758 1457 Quare
793 1401 832 1444 eo
867 1380 1151 1464 acquiescendum
1187 1403 1261 1446 3333

84 1494 183 1574 puto,
205 1493 245 1551 ut
267 1488 421 1554 Platonis
439 1474 644 1553 Convivium
668 1494 747 1552 ante
764 1508 792 1552 a.
810 1487 886 1571 371,
908 1509 973 1572 333
989 1488 1260 1552 Mantinensium

84 1593 170 1660 urbs
204 1595 362 1660 restituta
398 1601 462 1679 est,
504 1596 741 1682 compositum,
781 1594 1019 1680 Xenophontis
1041 1595 1261 1661 Conuiuium

84 1784 302 1796 ——.——-.

200 1887 226 1956 1)
264 1888 294 1942 O.
313 1889 345 1941 F.
364 1888 574 1957 Hermannum,
593 1887 642 1958 331
661 1887 906 1959 Xenophonteum
923 1888 1097 1944 Convivium
1110 1890 1261 1946 Platonico

85 1978 232 2051 posterius
261 1994 322 2032 3333
351 1977 462 2032 3333313
481 1979 587 2048 (progr.
608 1977 748 2047 Marburg
769 1977 845 2033 1834.
867 1977 956 2047 1844),
985 1978 1093 2049 optime
1121 1979 1263 2036 refutavit

84 2067 208 2138 Hugius
231 2065 514 2137 (Phfl01.V11638)‚
544 2086 608 2122 oum
628 2067 847 2136 demonstraret,
876 2066 1029 2122 Platonem
1057 2068 1262 2140 Xenophontis

27 2184 33 2193 ·
86 2156 266 2223 Convivium
284 2146 384 2210 multis
396 2157 467 2211 locis
479 2156 645 2228 respexisse.
667 2155 723 2222 Qui
737 2174 911 2227 quamquam
924 2157 1070 2224 nonnullis
1083 2160 1263 2229 argumentis

86 2265 162 2302 usus
181 2252 233 2317 333,
253 2245 355 2317 331333
374 2246 447 2301 nihil
460 2245 539 2300 aliud
551 2245 698 2316 probatur,
717 2263 750 2298 33
763 2245 988 2315 Xenophontem
1000 2246 1132 2301 Platonis
1145 2247 1262 2319 ingenio

86 2336 258 2392 inferiorem
277 2336 374 2402 fuisse,
393 2341 491 2389 tamen
510 2336 603 2389 multa
622 2334 728 2403 attulit,
754 2332 928 2404 3313331113
947 2336 1091 2390 sententia
1109 2337 1180 2390 33313
1199 2356 1264 2409 pro-

86 2428 189 2495 betur;
215 2427 279 2496 lege
305 2425 488 2496 potissimum
516 2442 590 2496 3333
618 2423 947 2478 (13Ρ3333313Α3311113
966 2425 1058 2478 amieo
1077 2444 1134 2480 333
1155 2427 1264 2482 amasio

88 2515 178 2582 (Xan.
199 2508 288 2569 (1333.
307 2515 333 2583 8,
352 2515 395 2568 31.
424 2515 517 2582 Ρ1333,
538 2515 626 2568 Conv.
646 2532 673 2584 p.
694 2515 746 2567 180
764 2515 802 2581 3.)
821 2518 850 2568 33
871 2514 905 2568 (13
924 2513 1050 2568 Socratis
1060 2515 1266 2587 Xenophontei

87 2604 223 2660 oratione
242 2622 258 2657 a
277 2605 399 2658 Platone
417 2603 494 2657 inter
513 2603 638 2681 quinque
657 2610 785 2658 oratores
809 2603 963 2657 distributa
987 2603 1130 2661 disseruit.
1169 2606 1264 2673 Quare

87 2713 159 2764 una,
178 2712 250 2764 quae
269 2698 368 2762 restat,
388 2692 545 2747 difficultas
559 2694 702 2765 quomodo
721 2692 895 2748 removenda
906 2692 952 2761 sit,
971 2692 1097 2748 breviter
1112 2712 1262 2766 exponam.

88 2785 172 2852 Quae
192 2789 235 2838 est
253 2783 284 2836 in
303 2782 347 2852 iis,
367 2800 440 2854 quae
458 2783 596 2854 leguntur
614 2783 656 2836 IV
669 2783 716 2836 32:
736 2787 825 2834 καίτοι
845 2787 1009 2840 Παυσανίας
1027 2801 1058 2851 γε
1078 2775 1093 2834 ὁ
1108 2773 1265 2853 Ἀγάθωνος

87 2873 141 2927 τοῦ
164 2872 278 2938 ποιητοῦ
302 2864 416 2942 ἐραστὴς
440 2865 665 2943 ἀπολογούμενος
689 2864 757 2942 turp
781 2871 833 2923 τῶν
857 2865 977 2941 ἀκρασίᾳ
1006 2872 1264 2945 ἔγκαλινὸουμένων

88 2967 210 3033 εἴρηκεν,
247 2955 282 3020 ὦς
314 2965 361 3013 καὶ
390 2955 545 3033 στράτευμα
575 2955 765 3032 ἀλκιμώτατον
793 2953 827 3012 ἂν
853 2965 962 3030 γένοιτο
986 2963 1016 3012 ἐκ
1045 2961 1185 3015 παιδικῶν
1216 2969 1263 3016 καὶ

88 3051 221 3123 ἐραστῶν.
274 3052 320 3104 Ex
352 3052 454 3123 quibus
486 3051 680 3122 colligendum
708 3068 770 3104 esse
798 3050 920 3120 videtur,
951 3051 1175 3121 Xenophontem
1205 3054 1264 3109 iam

86 3141 224 3197 Platonis
237 3139 410 3196 Conuiuium
428 3141 541 3212 legisse,
560 3140 590 3194 in
609 3158 665 3210 quo
684 3139 755 3192 talia
774 3139 921 3210 disputata
939 3146 1008 3194 sunt
1030 3160 1057 3211 p.
1073 3143 1157 3196 1783.
1179 3144 1263 3213 1793,

87 3231 262 3304 praesertim
286 3249 351 3284 oum
374 3230 451 3284 idem
469 3229 629 3283 Pausanias
653 3228 816 3299 Agathonis
841 3235 953 3283 amator
970 3230 1103 3285 Platonis
1123 3232 1264 3288 Convivia
1356 3295 1358 3300 7

88 3321 216 3376 intersit.
247 3321 350 3391 ltaque
368 3319 426 3373 illis
444 3318 540 3373 verbis
553 3317 685 3372 Platonis
703 3316 809 3371 librum
822 3319 986 3390 Xenophon
1004 3318 1063 3372 iam
1082 3321 1263 3392 respexisset.

89 3410 177 3477 Quod
201 3409 348 3482 probabile
371 3427 429 3462 non
458 3425 520 3462 esse
542 3407 659 3477 Hugius
687 3407 828 3462 uberrime
856 3408 1096 3479 sagacissimeque
1125 3411 1264 3482 exposuit,

89 3518 182 3572 quare
194 3498 380 3554 Schenkelius
399 3499 473 3552 hane
492 3496 695 3551 difficultatem
714 3497 756 3551 ita
774 3498 932 3551 tollendam
951 3515 1012 3553 esse
1025 3499 1145 3568 3333313,
1165 3505 1197 3554 33
1215 3501 1266 3555 1113

88 3588 182 3645 verba
201 3588 285 3643 alteri
303 3587 437 3643 Convivii
456 3587 576 3642 editioni
595 3605 612 3641 a
630 3587 824 3659 Xenophonte
843 3587 942 3641 addita
961 3605 1022 3642 esse
1040 3594 1163 3659 putaret.
1191 3589 1266 3644 Mihi

90 3679 131 3733 ad
149 3680 302 3734 Platonem
321 3676 438 3731 omnino
457 3695 515 3731 non
534 3678 685 3733 referenda
704 3695 765 3730 esse
784 3676 929 3747 videntur,
948 3695 1014 3731 cum
1027 3678 1103 3747 apud
1122 3686 1188 3732 eum
1206 3697 1265 3734 non

91 3768 254 3824 Pausanias
267 3766 337 3821 talia
348 3767 481 3837 disputet,
492 3767 542 3820 sed
554 3767 716 3836 Phaedrus3
726 3765 895 3820 Thiersohio
903 3766 993 3837 igitur
1003 3765 1134 3838 (Speeim.
1146 3767 1180 3822 de
1190 3768 1264 3825 Plat,

92 3858 184 3913 Conv.
204 3876 231 3929 p.
245 3855 281 3926 7),
301 3856 350 3927 331
362 3856 586 3928 Xenophontem
604 3855 654 3910 illo
667 3856 730 3909 loeo
749 3848 833 3924 λόγον
852 3849 981 3926 ἐρωτικόν
999 3873 1016 3908 3
1029 3856 1174 3911 Pausania
1191 3876 1266 3912 eom·

90 3947 221 4022 positum
250 3946 342 4001 dicere
371 3944 526 4013 existimat,
556 3945 689 4000 assentiri
717 3964 775 3999 non
795 3945 903 4001 dubito.
941 3944 1117 3999 Pausaniam
1136 3963 1266 4000 sermone

92 4037 240 4108 quondam
268 4035 339 4089 talia
366 4033 532 4089 enuntiasse
559 4034 724 4088 Boeokhius
757 4040 786 4089 et
813 4034 929 4106 Hugius
956 4033 1053 4088 minus
1080 4035 1266 4106 probabiliter

93 4125 286 4193 censuerunt,
306 4143 372 4178 eum
397 4142 497 4178 vocem
516 4123 621 4177 litteris
639 4143 698 4178 non
716 4124 855 4178 traditam
873 4123 1039 4194 Xenophon
1057 4124 1139 4195 quasi
1157 4124 1266 4179 nemini

94 4215 198 4271 esset'
190 4219 271 4286 rgnot
274 4232 291 4267 a
309 4219 374 4284 post
392 4219 438 4266 tot
457 4231 549 4268 annos
569 4231 792 4268 commemorare
811 4231 869 4268 non
887 4219 992 4285 posset.

201 4307 230 4372 2)
201 4304 347 4358 2Η333
371 4309 414 4357 333
438 4303 543 4357 Zelleri
568 4303 712 4358 sententia
731 4303 850 4371 (Philos
870 4302 896 4356 d.
916 4302 965 4357 Gr
984 4303 1016 4357 H
1037 4299 1068 4355 18
1086 4302 1159 4373 463),
1179 4320 1266 4374 quam

93 4393 566 4465 Β13333333θ33331.1333131333.
