2932 4874
619 200 837 265 ,76-

142 375 335 441 volentibus
348 378 514 465 imperare
527 379 694 464 agricolae
705 379 884 444 interesset
898 381 1064 466 exposuit,
1077 380 1167 465 quod
1177 380 1316 446 deorum

144 481 270 548 donum
303 507 372 550 non
414 486 483 551 nisi
526 485 596 560 τοῖς
636 475 804 572 ἀληθινοῖς
843 478 1036 571 σωφροσύνῃ
1077 481 1317 566 τετελεσμένοις

143 591 260 657 datum
284 592 377 657 dicit.
438 593 541 678 Quid,
578 616 715 678 quaese,
751 593 805 658 his
840 616 1017 659 commune
1052 617 1128 659 cum
1153 594 1319 660 Oonvivii

142 699 329 784 prooemio,
366 701 455 785 quod
480 708 544 765 est:
578 690 666 761 Ἀλλ’
693 694 767 778 ἐμοὶ
791 697 882 761 δοκεῖ
915 700 981 781 σῶν
1015 697 1123 761 καλῶν
1157 690 1320 783 κάγαθῶν

143 794 267 890 ἀνδρῶν
302 798 378 890 ἔργα
414 795 450 867 oi·
484 798 584 885 privor
619 801 659 870 τὰ
691 801 774 887 perd
803 803 951 892 σπονδῆς
982 799 1205 891 πραττόμενα.
1223 797 1320 882 ἀξιο-

142 903 345 998 μνημόνευτα
369 902 462 991 εἶναι,
488 904 572 975 ἀλλὰ
596 911 650 977 καὶ
677 909 716 977 roi
740 911 774 976 ἐν
788 915 862 990 ταῖς
885 911 1050 989 παιδιαῖς.
1078 902 1127 989 οἷς
1151 892 1187 976 δὲ
1203 937 1320 1000 νεαρα-

144 1012 312 1103 γενόμενος
335 1020 438 1082 ταῦτα
463 1014 639 1103 γιγνώσκω,
670 1020 815 1109 δηλοῦσαν
839 1014 1025 1102 dorileum?
1081 1023 1214 1088 Eodem
1245 1023 1321 1089 iure

144 1127 351 1193 Conuiuium
378 1129 669 1215 Memorabilibus,
706 1136 765 1196 aut
800 1130 908 1195 cuivis
943 1131 1002 1194 alii
1036 1131 1136 1216 libro,
1173 1154 1241 1216 quo
1278 1131 1322 1197 de

143 1236 281 1301 Socrate
305 1236 429 1322 agitur,
453 1243 532 1323 apte
556 1238 661 1302 asseri
684 1237 847 1302 affirmari
869 1243 992 1323 potest.

543 1501 565 1591 5
591 1504 634 1573 19.
682 1505 724 1573 ne
749 1504 909 1574 convivio.

251 1666 337 1730 Oum
361 1666 469 1752 igitur
492 1666 689 1733 Schenkelii
713 1668 934 1752 sententiam,
960 1667 1018 1753 qui
1042 1668 1321 1754 Oeconomicum,

144 1772 390 1858 Memorabilia,
408 1773 614 1840 Oonvivium
628 1797 697 1839 uno
714 1781 830 1839 tenore
847 1798 866 1839 a
882 1775 1112 1862 Xenophonte
1129 1776 1322 1862 composita

144 1903 217 1946 esse
244 1887 355 1967 putet,
388 1904 459 1967 non
486 1882 681 1969 probemus,
716 1905 799 1947 num
831 1904 897 1968 quo
925 1883 991 1947 alio
1023 1882 1121 1947 modo
1150 1883 1320 1949 Convivii

145 1995 235 2053 aetas
260 1989 423 2054 constitui
444 1990 553 2076 possit
576 1989 761 2054 videamus.
799 1990 846 2054 Et
869 1990 1154 2074 Dittenbergerus
1178 1990 1322 2074 quidem

142 2102 182 2160 ut
210 2096 428 2182 Symposium
456 2103 533 2183 post
557 2097 791 2162 Memorabilia
820 2098 1043 2182 compositum
1071 2119 1144 2161 esse
1169 2106 1320 2183 censeat,

143 2203 186 2267 iis
210 2203 399 2269 rationibus
415 2204 581 2269 adductus
603 2210 663 2288 est,
689 2204 780 2289 quod
797 2210 830 2269 et
847 2198 881 2284 γὲ
896 2196 961 2288 μήν
977 2205 1083 2269 multo
1102 2203 1321 2290 frequentius

141 2310 178 2375 in
211 2333 249 2376 eo
271 2311 400 2396 legitur
429 2334 529 2397 quam
558 2313 595 2376 in
623 2312 914 2395 Memorabilibus,
951 2317 985 2375 et
1011 2312 1088 2398 plus
1117 2312 1224 2376 semel
1255 2304 1323 2398 μήν
1394 2332 1396 2347 ¹

143 2441 220 2483 oum
253 2418 510 2504 pronominibus
548 2426 582 2484 et
605 2419 776 2485 adverbiis
807 2418 1063 2503 interrogativis
1096 2420 1322 2486 coniunctum

147 2525 202 2607 (cf.
226 2527 245 2591 Ι
268 2527 321 2611 31,
345 2527 398 2591 III
424 2528 474 2611 13,
499 2528 549 2593 IV
572 2529 625 2592 23.
646 2523 713 2613 55),
738 2527 828 2612 quod
844 2526 881 2591 in
898 2526 1122 2592 Oeconomico
1138 2533 1173 2593 et
1188 2528 1323 2593 Memo-

144 2632 308 2698 rabilibus
331 2657 499 2720 nusquam
522 2635 706 2700 invenitur.
760 2634 890 2712 Quibus
920 2633 1110 2699 rationibus
1138 2634 1196 2698 ille
1226 2636 1323 2720 quod

142 2741 253 2807 voluit
276 2741 434 2826 probasse
458 2741 544 2806 mihi
567 2742 713 2808 videtur.
747 2741 849 2807 Oasui
872 2740 964 2806 enim
984 2742 1091 2806 tribui
1104 2764 1175 2807 non
1190 2749 1320 2829 potest,

144 2848 234 2934 quod
249 2849 286 2914 in
302 2849 371 2914 illis
386 2850 495 2932 libris,
513 2850 572 2935 qui
588 2850 712 2915 iterum
727 2850 918 2934 iterumque
935 2842 985 2922 τίς
1002 2831 1065 2925 οὖν,
1090 2848 1165 2922 πῶς
1181 2830 1248 2924 οὖν,
1267 2832 1321 2934 ἆρ’

145 2937 209 3031 οὖν,
234 2956 290 3022 hic
306 2957 378 3023 illie
393 2950 444 3030 τίς
461 2949 510 3043 δή,
535 2957 610 3031 πῶς
625 2948 666 3042 ‹lq'
683 2956 845 3022 exhibent
861 2955 933 3037 (cfr.
950 2979 983 3042 p.
1001 2956 1043 3020 39
1056 2953 1130 3041 sq),
1146 2953 1323 3041 nusquam

144 3056 195 3137 εἰς
218 3055 283 3149 μήν
304 3065 440 3149 legitur.
473 3067 528 3130 Ex
551 3066 692 3130 aliarum
716 3086 797 3130 vero
820 3064 1063 3150 particularum
1082 3086 1147 3128 usu
1163 3063 1205 3127 ad
1222 3063 1324 3130 illam

144 3172 351 3237 sententiam
374 3172 639 3237 confirmandam
668 3172 782 3236 afferri
809 3171 946 3257 quidem
980 3176 1107 3258 potest,
1144 3171 1237 3256 quod
1267 3164 1322 3258 δή,

144 3273 266 3358 μέντοι,
292 3268 413 3363 ὥσπερ,
439 3301 521 3363 quas
544 3280 726 3366 particulas
750 3280 787 3343 in
810 3278 1053 3366 posterioribus
1074 3278 1324 3364 Xenophontis

145 3388 284 3474 scriptis
307 3388 415 3454 multo
439 3386 650 3473 frequentius
675 3410 775 3472 quam
800 3388 836 3451 in
859 3386 1029 3473 prioribus
1052 3386 1122 3470 legi
1142 3408 1246 3471 supra
1262 3387 1326 3452 de-

145 3501 371 3560 monstratum
396 3501 460 3579 est,
489 3496 527 3560 in
551 3496 718 3561 Convivio
747 3495 880 3581 saepius
910 3517 1010 3579 quam
1033 3494 1070 3558 in
1094 3494 1332 3585 Oeconomico,

146 3602 490 3689 Memorabilibusque
519 3604 757 3686 inveniuntur,
793 3609 909 3666 tamen
943 3601 1051 3666 hocne
1086 3601 1220 3685 dialogo
1246 3602 1325 3687 agi-

146 3711 263 3777 tatiori
286 3711 507 3777 tribuendum
531 3712 586 3797 sit,
612 3711 739 3776 dubito
791 3709 939 3776 Omnino
963 3715 1076 3773 antem
1111 3694 1326 3774 Conuiuium

147 3824 219 3884 tam
243 3818 371 3904 dialogi
395 3826 466 3884 arte
491 3842 591 3905 quam
633 3818 843 3904 expositione
882 3838 996 3880 rerum
1035 3814 1117 3881 adeo
1154 3813 1327 3882 librorum

148 3927 395 3993 Socraticorum
430 3927 577 4012 optimus
613 3934 678 4010 est,
712 3931 753 3989 ut
787 3924 849 3990 hac
884 3915 1017 4009 quoque
1050 3921 1091 3987 de
1120 3943 1220 3987 causa
1243 3931 1326 4008 post

147 4036 224 4101 illos
248 4034 413 4121 scriptum
437 4057 510 4099 esse
533 4033 700 4098 videatur.
733 4032 801 4098 Sed
824 4033 968 4098 alterum
991 4052 1123 4116 qnoque
1139 4052 1325 4115 argumen-

148 4151 222 4209 tum
245 4142 289 4208 ad
311 4149 457 4208 aetatem
482 4138 823 4207 circumscribendam
846 4146 979 4225 praesto
1004 4145 1071 4221 est;
1105 4137 1202 4202 Plato
1227 4139 1325 4205 enim

149 4251 437 4339 Xenophonteum
460 4249 667 4315 Convivium
691 4247 866 4332 cognitum
889 4244 1048 4311 habuisse
1071 4244 1217 4329 videtur,
1244 4269 1325 4312 eum

149 4361 257 4448 ipsius
282 4365 506 4446 componeret,
533 4356 657 4443 quippe
683 4355 741 4441 qui
764 4355 881 4419 multis
905 4354 942 4418 in
961 4352 1062 4418 rebus
1077 4351 1323 4438 Xenophontis
