2896 4874
575 191 793 267 -71÷-

91 368 260 455 Olympia
286 367 468 453 habitaret,
507 392 573 454 quo
604 392 646 433 ex
673 369 767 434 omni
797 368 940 434 Graecia
968 366 1147 454 spectandi
1171 390 1270 432 causa

90 475 253 541 homines
277 481 519 555 convenerunt.
570 478 618 541 Et
652 499 729 541 curn
763 476 953 561 Polycratis
988 474 1270 539 declamationem

91 583 248 650 Cobetus
271 582 560 669 Schenkeliusque
584 583 621 648 in
644 606 779 648 recessu
803 583 981 650 Scilluntio
1002 605 1022 646 a
1037 582 1269 668 Xenophonte

89 693 221 757 lectam
243 713 316 756 esse
340 697 509 776 censeant,
535 714 594 756 cur
620 692 704 756 alios
732 690 881 775 libellos,
918 691 1050 755 litteras
1085 689 1269 753 amicorum

57 867 60 872 ,
88 788 369 882 Atheniensium,
393 799 533 886 nuntios
557 797 601 863 ad
623 798 721 862 illum
743 780 941 885 pervenisse
963 796 1175 881 negaverint,
1198 818 1269 861 non

88 905 312 993 perspicuum
340 910 401 970 est.
452 904 609 989 Accedit,
630 904 737 990 =quod
773 928 849 970 cum
884 904 992 991 ipsius
1027 901 1268 989 Xenophontis
1354 907 1357 911 ’

88 1002 211 1078 verbis
234 1011 369 1077 illorum
393 1013 563 1077 sententia
585 1020 736 1098 pugnat,
757 1013 816 1098 qui
840 1012 985 1078 aliorum
1009 1011 1051 1076 de
1075 1010 1210 1076 Socrate
1235 1014 1269 1073 et

90 1119 201 1186 libros
237 1125 271 1184 et
305 1141 475 1185 sermones
511 1127 751 1185 commemorat
788 1121 901 1201 (Mem.
936 1121 954 1183 I
981 1120 1018 1204 4,
1049 1120 1082 1182 1:
1119 1105 1164 1190 ὡς
1187 1107 1268 1176 ἔνιοι

91 1217 259 1312 γράφουσί
272 1220 373 1288 τεκαὶ
386 1221 515 1308 λέγουσι
529 1220 607 1310 περὶ
624 1217 832 1310 Σιοκράιοις,·
848 1226 909 1292 cfr.
921 1227 972 1292 IV
985 1227 1015 1310 3,
1030 1222 1075 1307 2).
1089 1259 1130 1268 -
1146 1225 1269 1288 Restat

90 1335 216 1420 igitur,
249 1339 288 1399 ut
317 1333 359 1398 de
377 1334 474 1398 ¹illius
499 1334 620 1420 capitis
644 1320 866 1421 paragraphis
890 1335 932 1398 26
957 1339 992 1397 et
1015 1333 1057 1397 29
1081 1354 1188 1418 pauca
1211 1331 1268 1395 ad-

92 1441 225 1525 damus,
252 1440 373 1526 quibus
397 1464 532 1506 omnem
554 1440 642 1505 hano
665 1441 762 1505 litem
782 1440 899 1505 dirimi
914 1439 1112 1505 Dindorfius
1137 1437 1270 1504 censuit

90 1549 156 1614 1.1.
196 1548 267 1615 Ubi
283 1571 359 1613 cum
384 1548 425 1613 de
450 1554 644 1614 accusatore
668 1570 773 1632 agens
796 1547 968 1635 praesenti
983 1554 1135 1632 tempore
1152 1547 1269 1610 Xeno·

91 1656 187 1743 phon
214 1650 377 1739 utatur¹)',
414 1656 467 1720 illi
500 1655 580 1720 inde
610 1655 769 1740 colligere
799 1656 996 1738 voluerunt,
1034 1655 1066 1718 ei
1100 1653 1157 1719 hio
1192 1675 1269 1718 cum

90 1762 192 1848 libre,
216 1785 287 1827 non
311 1785 387 1828 cum
411 1763 563 1828 oratione
587 1763 676 1849 apud
700 1762 829 1827 iudices
853 1760 1064 1826 habitarem
1089 1783 1172 1826 esse.
1221 1760 1269 1824 At

10 1942 12 1957 Ι
92 1870 171 1956 quis
194 1869 340 1956 scriptor
363 1870 571 1935 incalescens
599 1870 791 1956 praesentia
818 1890 890 1933 non
918 1868 1017 1953 dicit,
1053 1890 1139 1952 quae
1174 1890 1269 1954 prae-

90 1977 197 2042 terita
232 1977 333 2040 sunt?
400 1976 510 2053 Quare
546 2000 587 2041 ex
621 1977 675 2041 his
711 1982 950 2062 argumentum
985 1975 1029 2041 ad
1063 1974 1269 2041 sententiam

89 2084 232 2150 illorum
255 2082 520 2148 confirmandam
544 2083 622 2148 duci
644 2105 744 2170 posse
771 2106 871 2169 nego.
929 2085 1038 2148 Immo
1074 2083 1133 2168 qui
1166 2083 1254 2168 Poly

10 2278 12 2285 Ι
90 2197 221 2257 cratem
243 2190 455 2255 intellectum
478 2191 607 2274 volunt,
632 2212 700 2255 non
718 2198 861 2276 possunt
875 2214 945 2256 non
968 2214 1029 2278 pro
1050 2181 1112 2275 ἔφη
1131 2180 1148 2251 ὁ
1166 2181 1268 2274 κοτή-

91 2317 189 2382 γορος
212 2297 321 2362 sexies
345 2298 513 2384 corrigere
537 2290 620 2383 φησί
644 2297 716 2379 (cfr.
740 2297 970 2363 Breite'nbach
992 2300 1014 2364 l.
1038 2299 1061 2362 l.
1084 2320 1116 2384 p.
1141 2295 1231 2380 813).

10 2424 12 2431 '
203 2405 351 2472 Omnino
386 2413 500 2471 autem
531 2403 677 2470 Cobetus
716 2403 1008 2490 Schenkeliusque
1042 2406 1119 2490 plus
1155 2404 1268 2469 debito

92 2512 226 2578 duobus
249 2512 319 2577 illis
342 2513 534 2598 Polycratis
557 2512 758 2598 fragmentis
782 2511 943 2577 tribuisse
966 2512 1138 2578 videntur.
1175 2511 1269 2589 Quae

92 2619 189 2685 enim
206 2619 337 2685 Socrati
354 2620 490 2685 crimini
507 2620 612 2705 daret,
635 2643 674 2685 ea
691 2621 733 2686 ab
750 2620 808 2686 illo
825 2622 926 2707 plane
942 2620 1022 2685 ficta
1038 2641 1111 2683 esse
1129 2618 1269 2683 minime

92 2726 272 2814 probabile
296 2732 357 2813 est,
382 2727 442 2792 sed
465 2750 550 2812 quae
566 2728 607 2792 ab
624 2727 875 2793 accusatoribus
892 2726 1025 2792 obiecta
1039 2749 1101 2812 per
1117 2719 1269 2792 omniurn

92 2857 154 2900 ora
177 2833 362 2917 ferrentur,
394 2856 432 2898 ea
454 2833 628 2900 rhetorum
652 2857 743 2900 more
767 2858 869 2921 supra
892 2858 1010 2899 verum
1034 2834 1122 2899 elata
1144 2833 1268 2920 repeti-

92 2941 188 3007 visse
226 2940 372 3006 videtur.
420 2941 513 3019 Quae
548 2965 625 3007 cum
659 2940 883 3029 Xenophonti
917 2964 1049 3027 quoque
1084 2940 1270 3006 refellenda

91 3054 224 3131 essent,
260 3070 330 3113 non
367 3048 491 3112 mirum
527 3055 591 3134 est,
628 3050 718 3135 quod
747 3049 872 3114 similia
899 3049 1072 3114 interdum
1102 3056 1204 3135 atque
1231 3050 1270 3114 in

88 3154 286 3240 Polycratis
310 3156 523 3221 accusatione
546 3157 584 3220 in
606 3156 883 3222 Memorabilibus
907 3157 1078 3242 leguntur.

202 3262 270 3328 Sed
292 3285 336 3327 ne
360 3263 489 3328 diutius
517 3264 585 3328 iarn
614 3264 651 3328 in
678 3287 728 3348 re,
754 3252 839 3350 quae
863 3264 906 3328 ad
935 3264 1169 3350 quaestionem
1191 3287 1269 3351 pro-

90 3368 243 3457 positam
266 3392 336 3435 non
359 3393 495 3457 prorsus
511 3372 670 3458 pertinet,
697 3377 920 3437 commoratus
938 3371 1003 3435 sim
1019 3393 1146 3436 vereor.
1181 3372 1270 3436 Nam

90 3483 133 3543 ut
168 3477 435 3564 Xenophontem
467 3478 659 3564 Polycratis
694 3479 868 3544 refutandi
903 3501 1003 3544 causa
1037 3478 1269 3543 Memorabilia

92 3584 323 3668 composuisse
347 3584 521 3670 faciamus
545 3591 665 3661 tamen¹
677 3586 720 3651 ad
736 3593 883 3652 aetatem
899 3586 979 3651 libri
995 3585 1269 3650 constituendam

90 3712 165 3756 non
187 3692 332 3756 multum
355 3692 562 3779 proficimus,
587 3716 663 3757 cum
687 3694 779 3758 inter
802 3716 858 3758 eos
882 3694 989 3780 ipsos,
1014 3693 1073 3778 qui
1095 3692 1179 3757 haec
1202 3690 1269 3757 sibi

167 3899 195 3971 1)
215 3902 276 3972 §26
295 3902 353 3956 εἶτα
373 3907 398 3956 εἰ
410 3907 463 3975 μίν
475 3924 500 3956 τι
514 3903 640 3976 [Κριτίας
653 3909 697 3956 καὶ
709 3898 887 3977 Ἀλκιβιάδης]
907 3898 1158 3976 ἐπλημμελησάτην,
1172 3896 1270 3956 τοάτου

95 3985 248 4061 Σωκράτην
266 3985 281 4043 ὁ
300 3987 451 4062 κατήγορος
471 3993 605 4057 ulredum
634 3985 675 4045 ὅτι
695 3994 726 4046 δὲ
744 3999 797 4047 νέαι
826 3984 885 4046 ὅντε
915 3986 987 4045 calvel
1008 4035 1013 4044 .
1035 4034 1039 4044 .
1061 4035 1066 4044 .
1088 4035 1093 4045 .
1123 3986 1269 4063 Σωκράτης

92 4085 216 4151 παρέσχε
245 4075 379 4152 σώφρονε,
409 4075 523 4139 οὐδενὸς
551 4085 666 4134 ἐπαίνου
695 4084 775 4137 δοκεῖ
802 4083 839 4151 τῷ
862 4077 1004 4153 κατηγόρῳ
1028 4073 1104 4141 άξιον
1123 4081 1209 4143 εἶναι;
1232 4083 1268 4136 28

92 4168 153 4227 πῶς
173 4161 206 4220 άν
224 4164 273 4223 οὖν
293 4170 407 4229 δικαίως
425 4170 469 4236 τῆς
488 4165 538 4222 οὐκ
557 4164 669 4235 ἐνούσης
688 4165 761 4239 αὕτη]
780 4178 877 4229 κακίας
896 4176 988 4222 αἰτίαν
1007 4170 1081 4238 ἕχοι,·
1111 4172 1146 4224 29
1166 4163 1222 4222 ἀλλ’
1242 4176 1268 4224 εἰ

93 4262 143 4312 καὶ
163 4251 243 4318 αὐτὸς
260 4259 350 4331 μηδὲν
373 4253 495 4330 πονηρὸν
518 4259 606 4312 ποιιῦν
626 4262 746 4319 ἐκείνους
766 4261 858 4330 ηαῡία
879 4254 1046 4330 πράττοντας
1066 4252 1138 4330 ὁρῶν
1165 4254 1266 4332 ἐπῄνει,

94 4347 211 4407 δικαίως
230 4340 263 4400 άν
282 4348 440 4421 ἐπιτιμῷτο.
