2932 4874
624 157 842 276 421-

147 399 213 477 est,
242 392 305 458 hac
333 414 464 478 quoque
493 415 530 456 re
557 390 824 478 Xenophontem
847 413 876 455 6.
901 391 967 483 394
1002 390 1103 455 exilio
1138 390 1320 455 multatum

147 524 220 565 esse
248 499 418 585 probatur.
465 500 708 571 Verumtamen
735 499 824 564 Ister
852 497 995 563 fortasse
1022 503 1113 562 recte
1144 519 1222 562 eum
1249 498 1319 562 Eu·

147 608 226 673 bulo
251 607 412 672 archonte
435 607 644 691 damnatum,
674 607 780 671 altero
804 607 939 671 Eubulo
964 611 1099 670 auctore
1122 610 1320 670 revocatum

148 738 221 779 esse
246 715 343 800 dixit⁷
367 714 634 802 posterioresque
655 714 834 800 scriptores
858 713 921 778 hoc
938 713 986 777 ita
1002 712 1255 796 intellexerunt,
1279 719 1320 778 ut

149 822 267 887 eodem
290 822 422 888 Eubulo
446 827 582 886 auctore
597 809 864 908 Xenophontem
889 820 1086 887 damnatum
1106 825 1318 884 revocatum-

149 953 213 1014 que
237 930 397 994 dicerent.
441 929 541 994 Tales
571 950 651 993 vero
682 951 791 1013 nugas
819 928 887 992 iam
911 928 1088 992 Timaeum
1116 927 1154 992 in
1176 926 1319 992 historia

148 1037 325 1102 scribenda
351 1042 517 1102 sectatum
540 1058 612 1100 esse
624 1036 828 1100 Plutarchus
853 1033 1316 1120 (Ν161666.1)61116118111116
1418 1098 1421 1103 .

148 1138 237 1226 (περὶ
260 1133 366 1228 όιμονς
388 1144 419 1227 4,
447 1143 478 1223 1)
501 1150 607 1208 testes
632 1148 721 1207 sunt.
747 1140 822 1229 (cfr.
846 1142 955 1226 BlasS,
974 1140 1131 1207 Attische
1153 1141 1318 1208 Beredsk.

145 1275 178 1317 v.
202 1250 397 1316 Alexander
419 1249 473 1316 his
496 1249 672 1336 Augustus
697 1274 739 1336 p.v
754 1250 808 1334 43,
834 1245 879 1332 2.)

253 1359 370 1423 Patria
398 1358 505 1443 igitur
533 1380 609 1422 cum
632 1357 830 1444 Xenophon
853 1356 922 1421 iam
946 1363 1088 1440 careret,
1125 1338 1163 1421 eo
1192 1357 1318 1421 maiore

146 1468 241 1532 cultu
265 1473 299 1531 61
322 1465 542 1530 veneratione
558 1464 759 1549 Agesilaum
783 1465 958 1550 amplexus
981 1471 1056 1529 tum
1078 1464 1320 1550 primumcum

145 1573 259 1639 saucio
283 1573 342 1638 illo
360 1573 518 1659 Spartam
533 1572 670 1637 venisse
686 1572 801 1657 ibique
817 1594 924 1657 usque
942 1571 1029 1637 ada.
1047 1573 1122 1656 391,
1147 1594 1211 1657 quo
1231 1594 1319 1637 anno
1388 1651 1390 1656 .

145 1681 328 1766 Agesilaus
353 1681 504 1745 exercitu
527 1679 729 1745 Corinthum
752 1679 924 1765 profectus
949 1685 1001 1744 est
1024 1676 1128 1762 (Hell.
1145 1679 1196 1745 IV
1211 1679 1242 1764 4,
1267 1679 1318 1744 19.

149 1790 255 1853 Grote
277 1789 322 1852 H.
340 1786 379 1851 of
392 1788 449 1852 Gr.
474 1788 529 1851 IX
551 1787 627 1852 470.
652 1784 733 1869 455)
758 1792 982 1851 commoratus
1005 1785 1177 1871 usquead
1200 1809 1320 1872 pacem

146 1894 385 1961 Antalcideam
423 1917 451 1959 a.
488 1895 551 1959 387
587 1917 703 1979 regem
739 1900 887 1959 sectatus
923 1917 996 1958 esse
1031 1893 1176 1958 videtur.
1232 1894 1319 1958 Cum

148 2003 240 2066 6111111
262 2001 524 2088 probalilissima
551 2002 597 2067 sit
621 2002 733 2068 Grotii
757 2002 942 2086 sententia,
968 2002 1026 2087 qui
1049 2001 1316 2088 Xenophontem

145 2133 173 2174 a.
199 2110 265 2174 390
293 2110 331 2174 in
359 2109 479 2174 castris
507 2101 661 2194 Agesilai
689 2109 778 2195 apud
805 2111 978 2174 Heraeum
1007 2110 1182 2174 castellum
1212 2107 1318 2173 fuisse

145 2217 278 2282 censuit
294 2214 351 2300 (H.
369 2239 402 2281 v.
421 2216 461 2281 G.
478 2217 533 2280 IX
548 2211 660 2300 477)1)
677 2240 787 2301 neque
803 2217 1022 2301 Hertzbergii
1039 2216 1242 2299 coniectura,
1260 2216 1319 2300 qui

144 2348 221 2389 eum
244 2323 441 2409 insequenti
465 2345 597 2408 quoque
620 2345 709 2388 anno
729 2323 885 2410 Agesilai
908 2324 945 2388 in
961 2324 1156 2388 Acarnanes
1180 2323 1318 2410 expedi·

143 2433 250 2497 tionis
274 2431 404 2497 socium
427 2431 533 2495 fuisse
558 2431 646 2495 dixit
670 2429 752 2514 (1.·1.
775 2455 809 2517 p.
834 2433 907 2496 269.
931 2455 963 2496 n.
990 2426 1087 2515 35)2)‚
1113 2454 1190 2496 eum
1212 2449 1318 2516 usque

147 2539 190 2604 ad
213 2561 383 2624 1166611116.
409 2538 474 2602 387
503 2537 624 2603 initam
653 2538 743 2624 apud
770 2561 886 2624 regem
913 2545 1087 2604 versatum
1120 2561 1192 2603 esse
1224 2544 1317 2624 puto,

145 2644 279 2710 Deinde
303 2647 504 2712 Soilluntem
527 2646 706 2731 migravit,
736 2646 825 2731 quod
849 2646 1013 2733 oppidum
1046 2646 1175 2730 viginti
1210 2646 1320 2710 stadia

147 2752 188 2816 ab
212 2753 372 2840 Olympia
394 2760 561 2819 remotum
585 2751 708 2836 (Anah.
734 2755 766 2818 V
790 2755 821 2838 3,
848 2753 901 2833 11)
925 2777 953 2818 a.
977 2754 1054 2817 400.
1080 2751 1201 2836 (Grote
1222 2755 1267 2819 H.
1284 2753 1324 2818 of

148 2860 206 2924 Gr.
241 2859 296 2925 IX
329 2862 404 2926 311.
434 2857 513 2944 316)
547 2883 623 2925 cum
660 2861 781 2925 ceteris
817 2861 1016 2946 Triphyliae
1053 2860 1188 2947 oppidis
1223 2861 1318 2925 Eleis

145 2973 298 3053 creptum
321 2967 517 3054 Xenophon
536 2958 682 3053 'quidem
711 2968 801 3032 Hell.
826 2968 880 3031 ΠΙ
904 2969 933 3051 2,
959 2969 1002 3032 30
1025 2990 1094 3032 non
1117 2991 1318 3033 commemo-

145 3075 249 3159 ravit,
288 3075 348 3139 sed
383 3081 537 3161 ereptum
570 3097 643 3138 esse
676 3098 695 3138 a
727 3074 1007 3139 Lacedaemoniis
1031 3076 1319 3141 verisimillimum

144 3187 205 3265 est,
223 3168 301 3247 cuin
316 3183 372 3247 vel
386 3181 552 3246 Pisatidis
568 3181 692 3267 oppida
703 3182 872 3266 Letrinos‚
888 3183 1077 3266 Marganes‚
1095 3182 1319 3269 Amphidolos

143 3289 212 3353 illis
235 3289 368 3353 tradere
384 3289 462 3354 Elei
478 3294 689 3373 cogerentur.
725 3288 796 3355 Ubi
817 3311 987 3354 eumcum
1005 3313 1024 3354 6
1039 3290 1319 3355 Lacedaemoniis

145 3387 254 3457 οἰκίαν
287 3387 344 3456 adl
377 3385 476 3480 ἀγρόν
510 3391 736 3482 accepisset³)‚
772 3396 980 3483 perdecem
1015 3402 1049 3462 et
1083 3403 1214 3483 septem
1248 3397 1319 3462 fere

252 3591 279 3657 1)
317 3589 368 3644 cfr.
393 3609 479 3660 quam
506 3589 641 3644 minimas
668 3607 714 3643 res
743 3589 841 3646 refert.
865 3591 941 3645 Hell.
969 3591 1011 3645 IV
1036 3591 1060 3657 5,
1084 3593 1101 3645 2
1125 3584 1320 3650 καταλιπόντες

144 3682 190 3730 καὶ
210 3671 243 3730 τὰ
256 3683 394 3750 τε911μένα
414 3671 505 3730 καὶτὰ
520 3672 781 3750 ἀριστοποιούμενα.
801 3679 820 3731 4
838 3680 960 3750 (καίριον
979 3673 1127 3751 ἐνθύμημα
1145 3673 1318 3750 Ἀγησιλάου)

144 3769 161 3821 6
179 3762 256 3839 μάλα
277 3760 330 3819 int
343 3766 396 3819 τῶν
409 3762 554 3839 παρόντων
567 3761 766 3839 θεωρούμενος.
793 3770 809 3822 7
828 3762 905 3840 μάλα
924 3768 1040 3839 ἰσχυροῖς
1060 3768 1170 3840 ἱδρῶντι
1183 3768 1221 3838 τῷ
1234 3772 1317 3839 ἵππῳ.

251 3855 279 3926 2)
317 3857 380 3924 Quo
400 3858 472 3912 libro
491 3858 592 3912 utendi
611 3877 676 3911 cum
706 3857 779 3911 mihi
804 3858 929 3912 facultas
951 3859 1075 3928 nonsit,
1104 3859 1207 3930 quibus
1235 3879 1319 3935 argu-

144 3947 251 4000 mentis
261 3947 309 4000 ille
322 3946 496 4001 sententiam
509 3966 591 4001 suam
604 3947 828 4017 confirmaverit,
841 3947 949 4018 nescio;
970 3954 1098 4002 attamen
1111 3949 1157 4003 his
1167 3949 1319 4021 praecipue

144 4035 215 4090 locis
238 4036 379 4090 utendum
402 4054 463 4090 esse
481 4042 564 4108 puto:
601 4037 644 4092 IV
667 4039 727 4106 6,6
755 4041 866 4109 πέμπτῃ
894 4029 911 4103 ἢ
939 4036 999 4109 ἕκτῃ
1028 4041 1072 4089 καὶ
1101 4032 1200 4110 δεκάτῃ
1227 4031 1317 4110 ἡμέρᾳ

144 4118 159 4192 ι)
179 4128 262 4196 λίμνη
282 4129 345 4196 περὶ
364 4118 397 4191 ἣν
415 4117 448 4176 τὰ
466 4119 627 4197 βοσκήματα
647 4120 736 4178 πάντα
756 4120 789 4193 ἦν
807 4169 812 4178 .
828 4169 854 4179 ..
875 4128 899 4180 7.
919 4133 1018 4198 καίπερ
1037 4117 1089 4193 ἤδη
1115 4131 1178 4198 περὶ
1203 4126 1318 4181 δεῖπνον

145 4209 420 4287 κατασκευαζόμενον
440 4256 445 4266 .
467 4256 472 4266 .
494 4257 499 4267 .
521 4217 561 4269 10.
600 4218 629 4268 ἐν
648 4203 669 4284 ᾧ
686 4217 740 4288 μὲν
759 4209 942 4287 ἐσφαγιάζετο
963 4257 968 4268 .
990 4258 995 4268 .
1017 4257 1022 4268 .

254 4303 282 4375 3)
318 4304 559 4375 Diog.L.1152
581 4305 699 4360 laudato
718 4306 866 4360 Dinarcho
890 4305 941 4359 cfr.
967 4305 1058 4359 Paus:
1086 4307 1113 4361 V
1133 4307 1157 4376 6,
1177 4307 1207 4360 5:
1226 4311 1316 4362 Λακε-

147 4387 294 4465 δαιμόνιοι
315 4393 483 4446 Σκιλλοῦντα
504 4386 726 4466 ἀποτεμνόμενοι
746 4395 791 4461 τῆς
810 4390 917 4455 Ἠλείας
938 4395 1095 4466 Ξενοφῶντι
1115 4395 1218 4448 ἔδοσαν
1237 4394 1275 4466 11).
