2932 4874
617 239 837 301 ..17..

143 411 421 486 commemoratus
451 424 516 502 est,
554 439 758 502 quamquam
791 417 1016 503 condiscipuli
1045 423 1156 501 erant,
1200 418 1258 486 ille
1295 440 1315 483 a

143 535 260 593 nostro
285 526 390 591 semel
413 523 512 589 modo
537 530 570 588 et
594 524 690 588 inre
705 524 833 588 nullius
850 525 949 610 plane
966 519 1172 609 momenti1),
1198 524 1315 610 colligi

144 658 215 701 non
238 639 361 721 potest,
386 655 461 696 cum
485 631 726 699 saeculii'illius
751 631 953 717 scriptorum
977 631 1185 698 consuetudo
1209 631 1315 697 fuisse

143 743 313 825 videatur,
337 763 380 804 ne
404 760 459 803 101
483 737 631 823 quidem,
656 761 675 802 a
696 737 818 822 quibus
843 738 1066 804 dissentirent
1089 761 1240 824 quosque
1263 762 1314 804 re-

146 848 309 930 futarent,
345 845 524 931 scriptores
551 844 737 928 nominare,
774 845 833 910 sed
867 852 957 910 tecte
985 846 1085 911 modo
1121 846 1315 932 significare

146 952 219 1040 (cir.
237 952 416 1040 praecipue
433 952 538 1016 Thuc.
555 952 573 1015 Ι
589 952 632 1015 20
649 974 725 1016 cum
745 952 871 1018 Herod.
892 953 925 1018 V
949 953 1000 1017 55.
1013 1007 1015 1010 ,
1030 953 1081 1019 VI
1096 953 1148 1017 57.
1178 953 1232 1017 IX
1246 949 1314 1035 53.)

147 1099 188 1106 -
210 1061 313 1126 Mitto
337 1081 473 1124 narrare
497 1081 582 1143 quae
605 1057 785 1123 notissima
813 1064 893 1124 sunt
917 1082 958 1124 ex
980 1058 1141 1144 Anabasi,
1185 1082 1251 1145 qua
1278 1081 1314 1124 re

145 1175 332 1233 commotus
361 1164 558 1251 Xenophon
586 1162 908 1257 1111111111401)
937 1165 1085 1251 cesserit,
1121 1165 1165 1230 ad
1187 1167 1317 1252 Cyrum

148 1275 353 1362 pervenerit,
390 1271 556 1357 quomodo
588 1273 735 1359 Graecos
762 1294 823 1358 per
849 1273 1000 1338 hostium
1021 1273 1106 1337 fines
1133 1272 1316 1357 reduxerit,

147 1405 222 1446 cum
239 1380 368 1447 Seuthe
384 1380 514 1445 Thrace
531 1379 650 1445 foedus
659 1379 794 1468 inierit,
819 1381 946 1465 Cyreos
962 1380 1122 1466 Pergami
1138 1380 1175 1444 in
1192 1369 1317 1466 oppido

147 1488 314 1553 Thibroni
329 1486 677 1552 Lacedaemoniorum
693 1486 772 1550 duci
787 1487 976 1572 tradiderit,
995 1510 1071 1552 cum
1088 1487 1130 1552 de
1146 1487 1200 1552 his
1216 1486 1317 1552 rebus

146 1595 358 1681 disputemus
386 1617 457 1659 non
485 1595 531 1659 sit
553 1616 701 1659 necesse.
751 1594 841 1671 Quid
868 1594 942 1680 ipse
972 1595 1123 1660 exercitu
1152 1594 1318 1660 Thibroni

147 1703 264 1768 1399
294 1703 397 1782 (Hell.
421 1702 476 1766 HI
501 1698 568 1786 1,6)
595 1701 722 1766 tradito
754 1701 884 1785 fecerit,
926 1725 1002 1766 cum
1019 1702 1221 1795 Xenophpn
1248 1725 1318 1767 non
1417 1708 1418 1711 ’

147 1816 272 1894 narret,
297 1808 447 1875 dubitari
469 1814 592 1894 potest,
627 1815 741 1872 utrum
776 1809 813 1873 in
847 1808 932 1873 Asia
965 1810 1167 1874 remanserit
1198 1831 1317 1874 necne.

148 1916 263 2002 Atque
298 1916 453 1991 Athenas
482 1939 559 1981 eum
587 1914 687 2001 paulo
714 1923 792 2003 post
815 1917 963 1982 Socratis
998 1923 1142 1982 mortem
1176 1915 1319 1980 rediisse

149 2024 263 2108 ibique
297 2046 358 2110 per
393 2023 530 2109 aliquod
564 2029 698 2108 tempus
734 2032 977 2089 commoratum
1013 2047 1085 2089 esse
1116 2046 1320 2109 quamquam

148 2121 356 2196 Niebuhrius
385 2128 455 2215 (Kl.
482 2131 577 2196 Schr.
601 2131 619 2193 Ι
642 2131 709 2195 464
732 2132 821 2216 sqq.)
847 2133 1055 2197 Letronnius
1079 2133 1113 2213 (l.
1137 2132 1158 2195 1.
1183 2154 1215 2217 p.
1240 2131 1319 2211 377)

150 2238 289 2306 Grotius
324 2239 461 2321 (Platon
488 2239 542 2328 ΠΙ
576 2238 651 2302 565.
680 2239 732 2302 Η..
750 2261 778 2303 0.
805 2241 864 2305 Gr.
888 2240 943 2302 IX
967 2237 1046 2323 240)
1082 2239 1149 2304 sibi
1182 2260 1319 2324 persua·

150 2351 276 2431 serunt,
301 2351 336 2410 11
360 2368 563 2431 quamquam
583 2345 838 2410 Hellenicorum
861 2347 970 2433 prima
993 2368 1072 2433 pars
1097 2345 1224 2432 optime
1240 2344 1319 2410 huic

150 2453 296 2539 tempori
322 2453 534 2536 attribuitur,
570 2458 686 2516 tamen
714 2453 864 2517 animum
894 2454 1055 2519 inducere
1078 2475 1149 2518 non
1171 2475 1318 2538 possum.

149 2562 270 2644 Neque
293 2560 386 2624 enim
409 2583 467 2624 cur
490 2560 527 2624 in
538 2559 657 2624 Asiam
680 2560 821 2625 redierit
837 2566 985 2647 apparet,
1004 2568 1037 2626 et
1052 2560 1319 2646 Xenophontem
1435 2580 1437 2584 ⁴

153 2667 283 2732 socium
305 2689 418 2731 rerum
441 2690 460 2732 a
482 2667 680 2752 Dercyllida
707 2668 817 2754 primo
848 2691 936 2734 anno
960 2675 1140 2755 postquam
1174 2665 1217 2750 (a.
1243 2668 1321 2748 399)

154 2773 318 2839 exercitui
349 2773 540 2864 praefectus
578 2783 630 2839 est
663 2784 837 2860 gestarum
870 2775 977 2840 fuisse
1011 2776 1038 2840 ii
1064 2774 1321 2840 Hellenicorum

155 2881 221 2946 lcci
243 2881 402 2969 produnt,
427 2881 495 2967 qui,
521 2882 675 2966 quamvis
696 2905 766 2948 non
790 2884 839 2947 ita
866 2883 985 2968 gravia
1000 2883 1038 2946 in
1053 2882 1096 2947 iis
1112 2889 1322 2969 pertracten-

152 2997 217 3074 tur,
258 2988 341 3054 adeo
378 2994 493 3053 tamen
527 2996 681 3054 accurate
719 2998 914 3075 narrantur,
962 2989 1113 3075 adeoque
1146 2990 1323 3077 perspicue

151 3121 190 3163 ao
213 3095 363 3173 dilucide
385 3118 440 3160 res
464 3103 543 3160 ante
568 3097 679 3162 oculos
703 3101 843 3182 ponunt,
866 3085 998 3162 utnon
1020 3097 1088 3161 nisi
1112 3120 1131 3160 a
1150 3098 1324 3183 praesenti

151 3227 265 3270 rerum
287 3210 376 3268 teste
399 3202 482 3267 talia
505 3203 609 3268 scribi
631 3204 782 3290 potuisse
811 3210 980 3291 appareat.
1026 3205 1148 3289 Legae,
1173 3227 1258 3290 quae
1282 3205 1324 3270 de
1416 3246 1420 3259 .

152 3311 261 3378 Midia
295 3311 372 3376 dolo
401 3317 498 3396 capto
533 3312 704 3376 Η111.ΠΙ
729 3313 757 3396 1,
794 3313 846 3396 20,
884 3311 926 3375 de
956 3311 1076 3376 funere
1111 3311 1152 3376 ab
1182 3311 1324 3397 Odrysis

153 3418 321 3485 celebrato
344 3419 399 3482 HI
422 3419 453 3502 2,
478 3419 520 3482 25
543 3427 733 3483 narrantur.
786 3419 885 3496 Quod
921 3442 997 3484 cum
1030 3418 1169 3484 Grotius
1193 3440 1325 3503 quoque

155 3526 222 3590 sibi
241 3525 457 3611 persuaserit,
474 3526 740 3612 Xenophontem
756 3549 881 3613 paucos
904 3526 1003 3592 modo
1023 3547 1158 3589 menses
1177 3524 1325 3590 Athenis

157 3638 324 3703 moratum
346 3633 383 3697 in
403 3631 524 3697 Asiam
546 3632 688 3697 rediisse
712 3640 809 3719 putat
832 3631 867 3717 (l.
882 3634 903 3698 l.
922 3656 954 3719 p.
969 3632 1056 3712 241).
1091 3632 1212 3717 Itaque
1236 3631 1327 3718 apud

157 3738 342 3804 exercitum
374 3762 452 3805 eum
484 3740 688 3804 remansisse
718 3749 811 3827 puto.
837 3777 878 3784 -
902 3738 1037 3804 Deinde
1073 3761 1150 3803 cum
1185 3760 1213 3803 a.
1250 3739 1325 3804 396.

153 3846 339 3932 Agesilaus
361 3845 450 3912 bello
475 3854 592 3912 contra
612 3848 732 3912 Persas
761 3846 910 3933 gerendo
934 3845 1183 3933 praeficeretur,
1208 3847 1327 3926 (Grote

153 3955 198 4018 H.
223 3954 268 4022 ,of
286 3955 345 4021 Gr.
373 3955 429 4019 IX
457 3955 532 4018 358.
573 3954 712 4019 Curtius
737 3956 795 4020 Gr.
821 3955 942 4021 Gcsch.
966 3949 1045 4019 [[[5
1078 3949 1155 4037 161)
1183 3975 1263 4018 mox
1290 3953 1328 4017 in

155 4060 437 4127 familiaritatem·
450 4061 542 4146 regis
565 4067 722 4148 receptus
747 4085 820 4126 csse
847 4061 993 4147 videtur,
1019 4083 1096 4127 cum
1122 4081 1222 4125 nemo
1241 4059 1327 4125 alius

264 4319 291 4386 1)
327 4319 423 4374 Locus
451 4323 495 4372 est
521 4317 640 4372 Memor.
669 4319 759 4386 1116,
780 4319 803 4387 1,
822 4317 872 4371 ubi
891 4316 973 4371 dicit:
1002 4309 1148 4387 Σωκράτης
1175 4306 1270 4374 εὔνους
1297 4309 1329 4383 ἦν

155 4400 323 4478 (Γλαύκωνι)
343 4400 392 4460 daci
413 4407 566 4480 Χαρμίδην
583 4411 629 4459 καὶ
651 4400 700 4459 διὰ
719 4401 864 4459 Πλάτωνα.

1118 4497 1143 4550 <b
