2932 4874
557 202 777 270 —83-

75 378 266 467 floruisse¹)
295 391 329 448 11
346 383 454 449 multa
469 384 611 448 aliorum
635 385 840 450 Graecorum
864 383 988 471 oppida
1011 382 1155 450 iamdiu
1178 385 1254 450 har·

76 491 199 556 mostis
234 490 349 555 missis
384 491 421 555 in
458 489 569 555 officio
603 487 828 575 retinuiss02),
870 514 947 556 cum
970 493 1037 556 iam
1072 493 1110 557 in
1144 492 1255 578 ipsam

76 597 324 683 rempublicam
353 597 533 662 harmostis
562 598 755 664 adulatione
784 599 963 664 civitatum
988 599 1154 685 corruptis
1178 599 1254 684 plus

77 706 162 771 mali
186 727 287 790 quam
309 704 391 770 boni
414 705 495 769 inde
517 705 707 770 redundare
723 713 911 793 appareret.
947 707 1149 770 Harmostae
1173 727 1255 770 vero

77 836 99 878 a
124 811 302 898 Lysandro
325 812 473 898 primum
496 813 593 876 missi
616 819 693 899 post
716 836 868 900 pugnam
884 813 1099 877 Leuctricam
1122 811 1256 898 expulsi

78 927 161 984 sunt
184 919 295 999 (Paus.
320 920 375 983 IX
399 920 430 1005 6,
453 920 488 1004 43
514 920 665 1004 1ΤΠ152,
689 921 734 1004 4),
760 921 875 1006 itaque
898 920 1023 984 librum
1046 942 1115 983 non
1139 919 1255 984 statim
1308 1004 1310 1008 y

77 1025 369 1114 Peloponnesiaco
393 1027 482 1092 bello
506 1026 674 1110 confecto,
698 1035 814 1092 tamen
843 1033 923 1092 ante
947 1050 975 1092 a.
1001 1027 1066 1091 371
1091 1025 1255 1113 composi·

77 1141 155 1199 tum
191 1157 263 1198 esse
298 1133 515 1221 perspicuum
551 1141 611 1198 est.
668 1135 720 1199 Eo
744 1142 858 1200 autem
881 1141 1043 1220 tempore,
1081 1156 1146 1219 quo
1169 1133 1257 1199 liber
1286 1165 1288 1169 ¹

80 1247 350 1328 componeretur,
363 1240 625 1306 Lacedaemonii
647 1242 878 1328 principatum
901 1265 971 1307 non
993 1240 1169 1327 tenebant,
1194 1241 1255 1306 sed
1321 1318 1330 1336 x

78 1371 280 1436 recuperare
313 1348 511 1431 studebant;
548 1349 690 1413 aliorum
724 1371 804 1414 vero
841 1351 1048 1415 Graecorum
1082 1349 1183 1413 multi
1219 1371 1255 1414 se

78 1456 280 1541 incitabant,
317 1463 355 1521 ut
389 1478 517 1520 novum
552 1455 687 1520 illorum
722 1456 904 1542 imperium
933 1456 1155 1543 impediretur
1179 1456 1255 1536 (§6

78 1562 136 1624 νῦν
164 1557 286 1624 πολλοὶ
316 1558 566 1647 παρακαλοῦσιν
598 1551 759 1648 ἀλλήλους
787 1558 846 1624 ἐπὶ
875 1556 913 1624 νδ
942 1555 1136 1624 διακωλύειν
1159 1551 1255 1651 όρξριι

78 1661 186 1731 πόλιν
209 1659 349 1751 αὐτούς).
395 1671 581 1756 imperium
604 1676 718 1735 autem
741 1671 794 1735 illi
816 1670 1086 1736 Atheniensibus
1111 1671 1256 1735 devictis

78 1777 229 1864 primum
252 1779 345 1842 nullo
363 1777 565 1843 adversante
590 1784 826 1862 exercuerunt3
852 1778 976 1843 deinde
998 1778 1150 1843 cladibus
1166 1777 1257 1864 apud

78 1885 275 1951 Haliartum
292 1885 508 1971 Cnidumque
524 1887 672 1973 acceptis
688 1887 871 1952 auctoritas
888 1886 1069 1951 imminuta
1085 1893 1146 1970 111,
1172 1908 1257 1971 quae

79 2016 159 2061 oum
181 1992 371 2079 Iphicrates
394 1985 499 2078 μόραν
522 1974 718 2078 delevisset,
748 1995 943 2080 bellumque
966 2016 1028 2082 per
1051 1999 1126 2059 octo
1150 2015 1256 2057 annos

80 2099 269 2184 duceretur,
306 2100 343 2164 in
378 2100 451 2165 dies
486 2101 595 2187 magis
631 2102 863 2177 evanescebat.
912 2102 1022 2179 Quare
1057 2101 1110 2165 illi
1137 2123 1257 2187 pacem

79 2231 101 2272 a
124 2230 206 2293 rege
229 2208 367 2272 missam
387 2215 598 2295 acceperunt,
626 2231 692 2294 qua
715 2231 831 2274 omues
856 2210 1014 2275 civitates
1032 2232 1072 2273 ex
1088 2212 1257 2294 potestate

81 2313 256 2378 dimittere
278 2315 364 2379 iussi
381 2322 461 2380 sunt
489 2316 591 2396 (Hell.
609 2316 641 2380 V
659 2317 688 2399 1,
705 2316 769 2400 31),
796 2316 887 2401 quod
911 2316 1049 2401 quidem
1073 2338 1130 2380 eos
1153 2314 1256 2380 verbo

81 2421 199 2508 potius
223 2444 324 2506 quam
346 2445 382 2486 11
405 2421 528 2486 fecisse
544 2428 663 2487 notum
681 2429 741 2487 111.
788 2422 908 2509 Itaque
933 2424 1023 2488 inter
1047 2444 1175 2488 annum
1191 2422 1256 2486 387

80 2535 117 2593 et
156 2551 185 2593 a.
221 2529 286 2593 371
332 2529 599 2614 Rempublicam'
627 2529 953 2595 Lacedamoniorum
987 2531 1148 2616 scriptam
1184 2551 1257 2594 1111

54 2668 57 2674 ·
81 2635 152 2700 iam
164 2641 314 2722 apparet.
349 2636 487 2700 Summa
502 2658 583 2701 vero
599 2660 676 2702 cum
692 2638 934 2723 probalititatis
951 2637 1066 2724 specie
1078 2636 1257 2702 Nitschius

81 2739 130 2829 (p.
144 2743 200 2822 54)
223 2744 512 2828 Naumannusque
535 2744 579 2829 (p.
594 2745 649 2824 26)
672 2745 732 2809 illa
747 2745 990 2831 Xenophontis
1006 2744 1110 2810 verba
1133 2737 1257 2804 πολλοὶ

79 2845 333 2934 παρακαλοῦσιν
354 2839 514 2936 ἀλλήλους
530 2844 588 2910 ἐπὶ
613 2843 650 2911 τό
676 2843 870 2912 διακωλύειν
891 2840 986 2935 δι’ρξαι
1011 2842 1116 2911 πόλιν
1139 2839 1258 2924 αὗτοδς

81 2957 127 3023 ad
150 2958 291 3022 alteram
315 2957 645 3023 confoederationem
672 2960 830 3023 navalem
857 2981 885 3022 a.
912 2959 977 3022 378
1001 2959 1043 3024 ab
1066 2957 1258 3023 Athenien-

82 3064 178 3130 sibus
203 3088 279 3129 cum
297 3065 403 3148 Chiis,
427 3066 656 3150 Mytilenaeis,
679 3067 860 3151 Byzantiis
884 3065 1007 3129 initam
1040 3064 1257 3150 rettulerunt,

75 3172 180 3238 cuius
204 3173 382 3237 consilium
406 3173 507 3238 titulo
530 3181 665 3261 reperto
693 3172 758 3238 hoc
788 3172 894 3237 fuisse
919 3172 1127 3237 ostenditur:
1165 3161 1259 3246 ὅπως

82 3268 123 3339 δν
146 3271 410 3359 Λακεδαιμόνιοι
435 3275 514 3340 ἕιῦσι
538 3272 614 3354 code
632 3269 788 3365 Ἓλληνας
816 3274 1009 3364 ἐλευθέρους
1036 3273 1093 3339 καὶ
1124 3268 1259 3340 αόνονό-

84 3407 168 3466 μους
191 3376 328 3472 ἡσυχίαν
351 3375 450 3468 όνειν,
486 3378 545 3472 τὴν
569 3377 676 3447 αὑτῶν
700 3379 831 3464 ἔχοντας
854 3381 887 3447 ἐν
909 3380 1034 3469 βεβαίῳ
1070 3384 1259 3473 (Rangabd,

81 3493 227 3580 Antiqu.
252 3494 386 3559 Hellen.
411 3495 448 3558 Π
469 3495 515 3558 40
539 3517 564 3560 1.
585 3491 696 3579 3735),
722 3495 771 3560 ita
793 3500 832 3559 ut
848 3518 876 3560 a.
895 3495 962 3559 378
985 3494 1056 3559 sere
1080 3495 1136 3559 vel
1158 3495 1259 3580 paulo

81 3602 270 3688 posteriore
294 3608 447 3688 tempore
470 3602 606 3669 libellus
631 3603 777 3689 scriptus
801 3625 874 3667 esse
898 3603 1065 3668 videatur.
1110 3600 1152 3666 Id
1169 3602 1261 3665 enim

84 3709 140 3772 illi
162 3709 304 3773 minime
327 3708 414 3773 mihi
437 3710 675 3796 probaverunt,
699 3709 788 3795 quod
812 3715 970 3796 quartum
993 3709 1163 3774 decimum
1187 3731 1258 3795 cap.

198 3922 224 3988 1)
253 3921 311 3974 Il.
332 3912 386 3990 ἐγὼ
406 3913 537 3987 ἐννοήσας
556 3922 622 3974 ποτὲ
648 3914 683 3980 ὦς
705 3914 721 3988 ri
741 3915 855 3993 Σπάρτη
888 3921 941 3974 τῶν
973 3913 1260 3991 όλιγανθρωττοτάτων

81 4003 192 4063 πόλεων
212 4003 282 4062 οὖσα
303 4003 476 4075 δυνατωτάτη
495 4029 523 4062 τε
542 4014 589 4062 καὶ
609 4004 816 4080 ὀνομαστοτάτη
836 4014 865 4064 ἐν
884 4011 915 4083 τῇ
934 4003 1043 4062 Ἑλλάδι
1063 4003 1159 4080 ἐφάνη,

193 4101 222 4166 2)
250 4099 322 4152 XIV
331 4100 362 4153 4:
371 4098 421 4151 νῦν
432 4102 584 4171 ἐπίσταμαι
595 4092 657 4157 τοὺς
668 4099 818 4158 δοκοῦντας
830 4094 954 4171 πρώτους
968 4099 1038 4152 εἶναι
1053 4091 1261 4156 ἐσπουδακότας

83 4182 120 4248 ὦς
142 4188 283 4260 μηδέποτε
307 4182 451 4241 τιαόωνται
476 4181 640 4261 ἁρμόζοντες
663 4191 709 4240 ἐπὶ
728 4192 808 4256 ξένης.
828 4189 900 4244 XIV
919 4191 947 4242 2:
968 4188 1033 4241 olda
1053 4180 1107 4259 γὰρ
1126 4181 1261 4259 πρότερον

82 4279 138 4351 μὲν
149 4276 395 4350 Λακιεδαιμονιόω1
408 4282 590 4350 αἴροι’,ιιένους
603 4281 675 4330 οἴκοι
695 4271 727 4329 τά
740 4284 840 4350 μέτρια
855 4280 966 4347 ἔχοντας
986 4271 1110 4344 ἀλλήλους
1128 4282 1259 4340 oracioni,

83 4368 193 4442 μᾶλλον
210 4359 227 4434 ν)
247 4361 416 4440 ἁρμόζοντας
436 4371 464 4419 ἓν
483 4373 543 4425 ταῖς
561 4362 658 4420 πόλεσι
678 4372 723 4420 καὶ
745 4372 978 4440 κολακευομένοις
997 4367 1228 4438 diripe-sprota.

1047 4457 1081 4509 6*
