2932 4874
621 235 840 338 719-

146 408 231 495 σχων
242 407 340 500 Κύρῳ
354 407 596 497 πολεμικωτάτῳ
609 415 668 477 τοῦ
680 407 794 500 δήμου,
812 417 933 502 quibus
947 415 1121 481 addendus
1133 416 1317 502 Diogenes,

145 527 205 611 qui
228 525 265 589 in
289 526 533 612 epigrammate
556 523 640 589 dicit
656 524 767 608 (Diog.
784 525 824 588 L.
841 525 877 589 Π
898 521 970 606 58);
1000 515 1175 607 Κέκροπός
1195 541 1231 585 σε
1250 544 1317 584 πο-

145 630 242 694 λῖται·
264 623 399 712 Φεύμειν
420 624 582 712 κατέγνων
608 629 667 691 τοῦ
691 623 790 714 φίλου
811 622 906 713 χάριν
929 621 1048 714 Κύρου.
1090 630 1158 707 Qui
1179 637 1318 718 propter

145 762 297 828 pugnam
314 738 550 822 Coronensem,
575 738 602 802 ii
617 737 654 801 in
665 738 858 824 Diogenem
874 744 1063 821 recurrunt,
1088 738 1147 823 qui
1162 738 1229 803 alio
1244 739 1318 804 loco

147 848 204 929 (ib.
229 843 285 928 51)
310 845 455 930 exhibet,
491 868 568 909 eum
603 838 662 904 ἐπὶ
686 845 901 927 Λακωνισμῷ
936 844 1199 911 condemnatum
1234 868 1317 929 esse,

148 975 349 1040 quamquam
371 952 564 1037 11151151111,
589 952 657 1016 iam
681 958 757 1016 eu'm
778 953 815 1017 in
831 952 915 1018 Asia
931 951 1111 1037 Agesilaus
1126 959 1320 1033 versaretur

147 1061 182 1146 (i.
200 1085 227 1126 e.
244 1061 334 1125 inter
350 1083 378 1124 a.
397 1060 462 1124 396
479 1065 514 1123 et
530 1055 619 1143 394),
644 1059 697 1124 illi
720 1060 859 1124 exilium
876 1082 949 1124 esse
969 1058 1166 1146 irrogatum.
1199 1059 1318 1125 Testes

146 1192 226 1234 sane
242 1167 399 1232 meliores
416 1166 565 1250 5551115,
591 1166 650 1251 qui
669 1167 767 1230 illum
782 1190 811 1232 a.
836 1167 911 1232 399.
937 1168 1070 1232 exulem
1093 1165 1221 1232 factum
1245 1189 1318 1233 esse

145 1282 276 1363 putant,
302 1296 403 1359 quam
420 1273 463 1339 ob
484 1296 556 1337 rem
576 1273 717 1360 plurimi
740 1274 777 1338 in
804 1274 892 1339 hano
921 1274 1127 1339 sententiam
1150 1273 1317 1358 abierunt,

146 1408 186 1449 ex
209 1382 332 1468 quibus
355 1381 574 1466 Xruegerum
598 1378 798 1465 (Phil-hist.
829 1380 925 1446 Stud.
949 1382 986 1446 ΙΙ
1014 1380 1092 1460 976)
1126 1380 1319 1447 Nicolaium

145 1493 181 1573 (J
182 1489 298 1556 ahrbb.
328 1488 351 1554 f.
376 1488 467 1552 Phil.
494 1489 589 1571 1864,
614 1511 647 1574 p.
660 1485 740 1571 811)
765 1488 1007 1553 Schenkelium
1032 1488 1141 1568 (Stud.
1158 1488 1317 1574 Xenoph.

143 1599 249 1664 1555
274 1595 365 1679 (Ber.
392 1595 424 1660 5
442 1594 557 1661 wien.
580 1593 686 1660 noae.
711 1579 735 1660 i.
758 1597 815 1678 eo)
850 1595 1066 1681 xoeonyum
1091 1594 1317 1676 (155155.

144 1705 308 1770 11895.
333 1700 412 1785 356)
448 1702 592 1766 15511515.
640 1702 708 1767 Sed
732 1725 816 1787 quae
840 1702 877 1768 hi
900 1704 1126 1789 protulerunt,
1150 1702 1208 1787 115,
1233 1725 1319 1788 quae

147 1811 286 1878 Grotius
310 1809 501 1896 disputavit
524 1807 582 1893 (H.
607 1810 700 1880 oG.
724 1810 779 1874 IX
795 1811 870 1875 242.
895 1811 1020 1875 Platon
1042 1810 1097 1876 HI
1112 1805 1203 1893 566),
1226 1809 1318 1875 refu-

146 1926 218 1984 tata
254 1939 326 1982 esse
359 1939 494 2001 censeo,
533 1917 592 2000 qui
627 1939 741 1982 eorum
777 1918 984 1982 sententiam
1018 1939 1088 1983 non
1109 1915 1319 2003 probabilem

146 2048 218 2090 esse
242 2023 500 2106 demembravit,
525 2024 584 2108 qui
606 2023 835 2090 Athenienses
851 2024 1076 2110 Xenophonti
1100 2013 1152 2084 ὅτι
1176 2018 1237 2084 ἐπὶ
1252 2025 1315 2103 βα-

146 2127 239 2193 σιλέα
260 2123 375 2216 σφίσιν
390 2118 500 2191 εἰἷνουν
516 2119 593 2191 ὄντα
609 2122 691 2208 μετὰ
708 2122 817 2215 Κύρου
842 2124 1013 2216 στρατείας
1036 2129 1181 2210 μετεῖχεν
1204 2153 1233 2195 a.
1252 2131 1318 2195 399

144 2241 285 2305 exilium
305 2238 473 2322 irrogasse
494 2245 680 2321 censerent,
707 2260 783 2302 5551
799 2239 868 2303 11115
886 2238 1097 2325 temporibus
1113 2236 1319 2302 Artaxerxes

143 2345 415 2413 Atheniensibus
437 2367 507 2410 non
529 2345 643 2409 minus
667 2344 822 2410 infensus
847 2352 949 2430 esset,
979 2368 1079 2431 quam
1103 2345 1228 2429 Cyrus,
1260 2344 1319 2429 qui

144 2479 214 2521 non
236 2453 306 2519 5151
328 2453 420 2537 regis
444 2452 539 2516 iussu
563 2452 820 2538 sumptibusque
844 2453 972 2519 bellum
996 2459 1112 2517 centra
1133 2474 1189 2517 eos
1205 2472 1319 2538 gesse·

144 2569 208 2628 rat.
255 2560 396 2625 Etenim
428 2559 546 2624 eodem
570 2566 736 2645 tempore,
772 2583 838 2645 quo
865 2559 1062 2647 Xenophon
1098 2558 1176 2623 exul
1210 2558 1320 2624 faetus

147 2692 220 2735 esse
244 2667 378 2752 dieitur,
407 2667 444 2731 in
468 2665 651 2730 Thibronis
676 2667 828 2732 exercitu
851 2667 998 2732 11555511
1020 2667 1159 2732 fuerunt
1187 2666 1318 2751 equites

146 2772 426 2843 Lacedaemoniis
448 2773 489 2837 ab
505 2772 776 2839 Atheniensibus
801 2781 918 2839 eontra
933 2775 1056 2839 Persas
1072 2773 1198 2839 auxilio
1222 2773 1319 2838 missi

148 2884 240 2965 (Hell
262 2882 316 2947 ΠΙ
341 2883 369 2965 1,
393 2880 438 2958 4).
490 2881 695 2946 Artaxerxes
730 2904 812 2946 vero
845 2880 915 2946 non
945 2881 1039 2967 prius
1071 2903 1172 2966 quam
1200 2903 1228 2945 5.
1254 2882 1319 2946 396

145 2989 408 3055 benevolentem
428 2986 698 3053 Atheniensibus
722 3011 758 3052 se
782 2989 963 3074 praestitit,
989 2989 1104 3072 itaque
1127 3010 1197 3053 non
1224 2987 1319 3074 prius

144 3120 247 3184 quam
270 3096 535 3161 5396151395
559 3094 713 3160 damnari
736 3095 849 3181 potuit
866 3094 1070 3181 Xenophon,
1097 3094 1127 3159 51
1148 3094 1319 3162 amicitiae

144 3205 237 3291 regis
264 3205 444 3292 Bersarum
480 3203 698 3288 indulgentes
722 3202 953 3275 Athenienses
984 3202 1048 3267 hoo
1077 3201 1242 3287 fecerunt,
1276 3238 1318 3248 -

146 3335 231 3398 quae
256 3333 329 3375 sera
353 3310 475 3374 fuisset
498 3332 615 3396 poena.
656 3310 775 3395 Neque
799 3333 837 3375 eo
861 3310 1004 3375 Diodori
1026 3310 1110 3393 1000,
1135 3331 1235 3394 quem
1257 3332 1319 3394 pro

146 3442 207 3484 sua
223 3418 395 3483 sententia
410 3417 584 3483 Nicolaius
607 3416 771 3500 laudavit,
795 3416 840 3500 id,
867 3417 956 3501 quod
981 3418 1064 3500 vult,
1090 3416 1318 3481 confirmatur.

144 3527 251 3592 Putat
275 3525 367 3590 enim
395 3547 436 3588 ex
459 3524 517 3608 115,
548 3546 633 3608 quae
662 3525 823 3609 leguntur
845 3524 946 3588 Diod.
970 3524 1059 3589 XIV
1083 3524 1140 3587 37:
1165 3517 1244 3605 περὶ
1264 3514 1322 3582 τὸν

148 3622 248 3694 αὐτὸν
269 3624 383 3716 χρόνον
406 3631 472 3692 τῶν
495 3625 754 3713 ἐστρατευμένων
775 3623 859 3709 μετὰ
875 3622 985 3715 Κύρου
1009 3624 1065 3691 καὶ
1089 3623 1322 3690 διασωθέντων

147 3735 233 3814 τινὲς
248 3734 308 3819 μὲν
324 3731 370 3812 εἰς
393 3730 453 3812 τὰς
471 3731 559 3811 ἰδίας
582 3730 698 3812 πόλεις
722 3727 970 3823 ἀπηλλάγησαν,
992 3737 1093 3821 efflei,
1110 3736 1321 3823 Xenophon·

146 3856 217 3913 tem
244 3846 358 3912 reditu
385 3846 423 3910 in
451 3846 597 3931 patriam
625 3845 693 3909 iam
720 3845 931 3931 prohibitum
958 3845 1073 3909 fuisse.
1126 3843 1194 3909 Sed
1229 3842 1321 3929 fugit

143 3955 319 4022 hominem
343 3953 480 4018 doctum
505 3952 595 4038 apud
610 3951 798 4017 Diodorum
818 3953 889 4017 11115
916 3952 952 4016 111
967 3960 1101 4038 tempus
1118 3951 1320 4035 intellegen-

145 4063 228 4128 dum
252 4085 334 4146 esse,
359 4082 425 4146 quo
449 4059 493 4124 ad
516 4058 679 4124 Seuthem
702 4041 900 4146 Xenophon
916 4061 1045 4145 Cyreos
1069 4057 1221 4124 nondum
1243 4079 1321 4122 eon·

146 4171 303 4253 duxerat,
341 4191 418 4233 5515
441 4166 611 4232 Diodorus
640 4176 776 4252 pergat:
818 4158 846 4228 oi
874 4161 910 4226 δὲ
949 4162 1101 4227 πλεῖστοι
1143 4156 1322 4248 στρατηγὸν

146 4274 272 4339 εἵλοντο
291 4273 498 4360 Ξενοφῶντα,
517 4261 552 4347 ὃς
565 4262 738 4354 ἀναλαβών
754 4267 811 4360 τὴν
824 4266 961 4353 δύναμιν
977 4263 1107 4359 (ὅρμησε
1123 4265 1322 4357 πολεμήσων

149 4384 282 4470 Θρᾷκας
310 4374 386 4457 τοὺς
414 4376 492 4467 περὶ
524 4373 759 4468 Σαλμυδησσὸν
784 4374 963 4455 οἰκοῦντας.
1009 4380 1074 4446 1115
1098 4387 1213 4446 autem
1236 4386 1321 4446 tem·

381 4498 385 4504 .
1108 4484 1144 4541 ,ρ
