2932 4874
642 199 837 264 „ep-

153 384 291 465 tateque
315 379 459 445 donatus
482 386 601 467 postea
633 380 805 465 ingratum
836 402 872 445 se
899 380 1123 467 praestiterit,
1160 380 1328 445 iudicium

153 485 242 551 ferre
270 510 339 552 non
368 509 557 573 possumus
596 485 638 550 Id
661 509 766 551 unum
791 486 862 551 fere
885 506 946 573 pro
971 494 1062 552 certo
1085 487 1209 552 habere
1232 487 1328 571 licet,

151 591 360 679 Aeschylum
395 616 437 658 ex
470 592 653 659 Dardaniis
677 594 746 658 illis
771 594 929 679 captivis,
967 617 1094 679 quosa
1132 593 1329 679 Phylopida

153 701 318 787 Spartano
347 701 571 786 Xenophonti
603 701 724 766 missos
760 724 832 765 esse
864 700 1038 788 Diogenes
1068 703 1113 786 II,
1138 703 1180 765 53
1209 700 1328 786 refert,

152 814 263 872 ortum
286 808 403 892 fuisse,
429 830 505 872 cum
530 830 595 892 qua
611 808 677 873 alia
692 831 792 872 causa
807 814 993 872 commotus
1009 807 1202 873 Dinarchus
1222 807 1328 873 huius

151 915 203 978 rei
226 916 435 981 mentionem
458 913 587 997 fecerit,
612 937 681 980 non
701 915 917 1002 perspicuum
938 914 984 980 sit
1000 911 1074 997 (cfr.
1092 915 1328 981 Wilamowitz

151 1019 271 1108 Antig.
297 1046 329 1088 v.
354 1022 437 1087 Kar.
473 1044 504 1107 p.
531 1021 617 1103 332).

258 1129 352 1206 Quae
387 1128 510 1193 deinde
543 1128 584 1192 de
609 1129 692 1214 Cyri
721 1128 936 1215 expeditione
969 1135 1069 1213 atque
1105 1129 1147 1193 de
1182 1129 1328 1194 decuma

151 1257 170 1299 a
195 1236 334 1301 Graecis
361 1234 493 1301 Dianae
517 1234 607 1300 facta
629 1236 802 1322 Diogenes
832 1236 971 1301 exhibet
1001 1233 1056 1319 (ἐξ
1079 1233 1259 1320 49-52),
1285 1260 1329 1302 ea

151 1364 192 1405 ex
207 1342 359 1407 Anabasi
382 1343 600 1430 potissimum
623 1343 768 1429 repetita
793 1365 865 1407 esse
889 1351 1039 1430 apparet.
1071 1343 1222 1408 Aliunde
1242 1366 1327 1409 vero

149 1448 233 1515 haec
256 1448 327 1514 fere
352 1451 480 1516 inserta
504 1458 599 1516 sunt:
624 1443 721 1534 φίλος
745 1432 783 1535 ἦν
804 1439 990 1535 Ἀγησιλάῳ
1014 1443 1061 1524 εἰς
1084 1440 1326 1534 ’ὑπερβολήν-

150 1559 230 1640 παρ’
246 1544 282 1617 ὃν
297 1549 411 1641 καιρὸν
424 1551 482 1617 ἐπὶ
497 1553 693 1638 λακωνισμῷ
710 1548 815 1642 (μονὴν
829 1545 888 1617 ὑπ’
896 1547 1085 1643 Ἀθηναίων
1097 1548 1325 1643 κατεγνώσθη.

150 1703 191 1711 -
216 1657 271 1724 καὶ
296 1653 385 1746 αὐτῷ
409 1657 584 1748 προξενίαν
607 1655 723 1724 ἔδοσαν
748 1655 778 1724 ολ
803 1656 1078 1744 Λακεδαιμόνιοι.
1102 1701 1143 1709 -
1161 1662 1275 1724 εἵπετο
1293 1654 1324 1723 (λο

152 1760 242 1852 αὐτῷ
280 1766 336 1833 καὶ
380 1762 510 1853 γύναιον
550 1759 653 1849 ὄνομα
684 1763 847 1855 Φιλησία,
896 1763 990 1832 καέλοῖ
1012 1788 1094 1857 φησι
1133 1762 1327 1855 Δημήτριος

150 1866 333 1962 ὅΜάμνης,
358 1873 414 1940 καὶ
431 1870 490 1940 δύο
506 1871 597 1953 ὀλεῖς,
624 1881 655 1939 Γ
652 1869 767 1961 ριῖλλος
789 1869 1041 1961 nutritosque,
1068 1867 1113 1951 ὥς
1137 1895 1218 1963 φησι
1244 1872 1325 1938 Δεί-

148 2005 262 2067 ναρχος
286 1980 319 2045 ἐν
341 1986 389 2068 τῷ
405 1978 491 2069 πρὸς
518 1982 713 2070 Ξενοφῶντα
737 1974 961 2060 ἀποστασίου,
987 1978 1023 2046 οἳ
1042 1979 1098 2045 καὶ
1123 1977 1324 2067 Διόσκουροι

149 2085 380 2154 ἐπεκαλοῦντο.
428 2093 522 2170 Quae
558 2115 599 2156 ex
632 2092 806 2158 Dinarcho
840 2092 980 2157 fluxisse
1013 2091 1326 2178 probabilissimum

147 2204 208 2264 est.
233 2197 440 2283 (Wilamow.
464 2201 486 2265 l.
511 2198 546 2278 l.)

253 2308 393 2371 Praeter
416 2307 628 2372 Dinarchum
651 2307 932 2392 Demetriumque
956 2307 1153 2392 Magnetem
1177 2307 1225 2387 (ΙΙ
1252 2304 1324 2392 52),

147 2414 206 2499 qui
228 2413 404 2479 Ciceronis
421 2413 491 2478 fere
508 2421 619 2479 aetate
642 2407 720 2496 περὶ
739 2403 919 2493 ὁμωνύμων
935 2413 1086 2498 ποιητῶν
1109 2408 1164 2474 καὶ
1183 2432 1324 2496 συγγρα-

148 2514 236 2604 φέων
259 2521 384 2586 librum
410 2522 611 2608 composuit,
636 2526 753 2605 atque,
791 2543 855 2605 quo
889 2520 1106 2606 potissimum
1136 2543 1217 2585 usus
1246 2543 1321 2585 esse

146 2627 293 2711 videtur,
319 2628 474 2693 Dioclem
498 2629 551 2709 (D.
575 2628 613 2692 Π
636 2625 692 2710 54)
717 2627 808 2711 dico,
846 2628 905 2713 qui
932 2629 1079 2694 Neronis
1108 2625 1178 2692 fere
1208 2634 1322 2693 aetate

145 2724 354 2819 Ἐπιδρομῂν
369 2735 434 2795 τῶν
449 2726 643 2819 φιλοσόφων
660 2735 807 2821 scripsit,
823 2735 939 2799 laudat
958 2735 1131 2819 Diogenes
1147 2733 1322 2820 Aristippi

146 2842 271 2907 librum
295 2836 372 2925 περὶ
397 2838 547 2916 παλαιᾶς
571 2842 695 2927 τροφῆς
719 2842 831 2929 (Diog.
856 2843 892 2906 Π
919 2843 986 2926 48),
1012 2841 1143 2928 Ephori
1162 2841 1322 2908 historici

146 2949 221 3014 libr.
247 2950 290 3013 25
314 2946 370 3032 (D.
394 2950 430 3013 H
454 2949 519 3034 54),
555 2950 777 3015 Aristotelem
816 2948 865 3033 (Π
888 2945 945 3032 55)
977 2949 1160 3036 Hermippi
1193 2949 1321 3014 librum

145 3051 222 3140 περὶ
243 3048 455 3140 Θεοφράστου
479 3057 535 3140 (II,
561 3058 627 3142 55),
657 3057 835 3122 Timonem
858 3053 978 3141 (ibic),
1004 3055 1194 3122 Stesiolidis
1210 3053 1320 3120 Athe-

144 3165 274 3229 niensis
288 3153 470 3248 ἆναγραρὴν
485 3163 550 3229 τῶν
565 3153 728 3247 ἀρχόντων
743 3158 799 3224 καὶ
814 3152 1081 3242 Ὀλυμπιονικῶν
1093 3160 1176 3247 (ib),
1190 3163 1319 3229 Istrum

148 3269 199 3355 (II
233 3271 302 3356 59),
339 3293 422 3356 quos
457 3293 527 3336 non
562 3271 672 3357 magis
704 3271 828 3356 legisse
863 3265 1034 3354 videtur¹)
1069 3293 1171 3355 quam
1205 3270 1321 3356 ipsum

142 3378 425 3465 Xenophontem,
461 3378 520 3442 sed
544 3401 563 3443 a
585 3378 705 3444 Diocle
733 3378 886 3443 laudatos
910 3378 1084 3443 invenisse
1119 3374 1194 3460 (cfr.
1231 3399 1320 3462 quae

144 3486 164 3563 ὅ
199 3486 243 3549 46
258 3522 293 3530 -
314 3486 357 3550 49
393 3485 435 3550 de
469 3485 699 3572 Xenophonte
735 3485 885 3551 Cliniam
924 3491 1059 3551 amante
1096 3483 1202 3549 refert
1240 3507 1320 3550 cum

143 3592 260 3680 Symp.
283 3594 334 3659 IV
359 3592 422 3671 14).

250 3701 363 3786 Ipsius
397 3723 479 3765 vero
514 3699 679 3766 iudicium
712 3723 732 3765 a
758 3700 914 3786 Diogene
947 3699 990 3764 ad
1021 3699 1147 3765 librum
1183 3721 1318 3785 compo-

143 3806 295 3872 nendum
330 3830 400 3872 non
435 3806 627 3872 adhibitum
659 3830 733 3872 esse
763 3813 797 3871 et
825 3808 963 3872 omnino
993 3812 1113 3871 notum
1142 3812 1194 3870 est
1217 3811 1251 3869 et
1275 3829 1319 3872 ex

140 3914 383 4001 Xenophontis
407 3914 499 3979 vitae
524 3915 737 3980 enarratione
761 3914 992 4000 intellegitur,
1017 3936 1105 3999 cum,
1130 3914 1219 3999 quod
1242 3913 1317 3999 ipse

140 4023 177 4088 in
201 4023 349 4088 Socratis
373 4023 446 4088 vita
469 4022 634 4106 narravit,
671 4021 730 4086 ubi
766 4023 1033 4108 Xenophontem
1063 4045 1082 4086 a
1111 4021 1249 4086 Socrate
1277 4021 1318 4086 in

247 4272 274 4339 1)
311 4272 362 4325 cfr.
395 4271 458 4326 Vel.
486 4269 573 4338 Rose,
609 4269 644 4323 de
677 4268 797 4324 Aristot.
831 4269 893 4323 libr.
929 4267 989 4322 ord.
1023 4273 1051 4322 et
1081 4273 1189 4322 auctor.
1223 4287 1250 4339 p.
1270 4269 1314 4324 40.

139 4357 285 4417 Bahusch.
306 4360 323 4413 l.
343 4361 360 4414 l.
380 4379 407 4431 p.
426 4362 444 4413 2
462 4377 540 4430 seqq.
