2932 4874
154 383 291 464 tateque
316 378 459 444 donatus
483 386 601 466 postea
634 379 806 464 ingratum
837 402 872 444 se
900 380 1124 466 praestiterit,
1160 379 1337 446 iudicium

154 484 243 550 ferre
271 509 340 551 non
368 508 557 573 possumus.
597 484 639 549 Id
662 508 767 550 unum
791 485 863 550 fere
886 505 947 572 pro
972 493 1063 552 certo
1086 486 1210 552 habere
1233 487 1334 573 licet,

152 591 360 678 Aeschylum
395 616 437 658 ex
470 591 654 657 Dardaniis
678 593 747 658 illis
772 593 930 679 captivis,
968 616 1095 678 quosa
1133 593 1335 679 Phylopida

154 700 319 786 Spartano
348 699 572 785 Xenophonti
604 700 725 765 missos
761 722 833 764 esse
865 700 1039 786 Diogenes
1068 701 1114 785 ΙΙ,
1139 701 1181 764 53
1209 699 1333 787 refert,

153 813 265 871 ortum
287 807 404 891 fuisse,
430 829 506 871 cum
530 829 596 891 qua
611 807 678 871 alia
693 830 793 871 eausa
808 813 994 872 commotus
1010 806 1202 872 Dinarchus
1222 807 1333 873 huius

153 914 204 977 rei
227 915 436 980 mentionem
459 911 588 997 fecerit,
613 936 682 979 non
702 914 918 1001 perspicuum
939 913 984 979 sit
1001 910 1075 996 (cfr.
1093 914 1332 981 Wilamowitz

152 1018 272 1106 Antig.
297 1045 330 1087 v.
354 1022 437 1086 Kar.
473 1044 505 1106 p.
531 1020 618 1101 331).

259 1128 353 1205 Quae
388 1126 510 1192 deinde
544 1126 585 1192 de
610 1127 693 1213 Cyri
721 1127 937 1215 expeditione
970 1134 1070 1213 atque
1105 1127 1147 1193 de
1183 1127 1332 1194 decuma

151 1256 171 1298 a
196 1235 334 1300 Graecis
362 1233 494 1299 Dianae
518 1233 608 1299 facta
631 1235 803 1321 Diogenes
832 1235 972 1301 exhibet
1002 1233 1056 1319 (ἐξ
1080 1232 1260 1320 49-52),
1287 1260 1332 1302 ea

151 1363 193 1405 ex
208 1340 360 1406 Anabasi
382 1342 601 1429 potissimum
624 1342 770 1427 repetita
793 1365 866 1406 esse
890 1350 1040 1429 apparet.
1072 1342 1222 1408 Aliunde
1242 1366 1330 1410 vero

150 1447 233 1513 haec
257 1449 328 1513 fere
352 1450 481 1514 inserta
505 1458 599 1515 sunt:
625 1442 722 1533 φίλος
747 1431 784 1533 ἦν
805 1438 991 1534 Ἀγησιλάῳ
1015 1442 1062 1523 εἷς
1085 1439 1327 1533 ὑπερβολήν-

151 1557 231 1638 παρ’
247 1543 282 1616 ὃν
297 1548 412 1639 καιρὸν
424 1550 483 1616 ἐπὶ
497 1552 694 1637 λακωνισμῷ
711 1548 816 1640 φυγὴν
830 1545 889 1616 ὕπ’
897 1545 1086 1640 Ἀθηναίων
1098 1547 1326 1642 νοσογνιίσέίη.

151 1702 192 1709 -
216 1656 272 1723 καί
297 1651 386 1744 αὐτῷ
409 1656 584 1745 προξενίαν
608 1654 724 1723 ἔδοσαν
749 1655 778 1722 oi
804 1655 1079 1742 Λοινοδοιμόνιοι.
1102 1700 1144 1709 -
1161 1661 1277 1724 εἵπετο
1295 1653 1324 1723 0⁰

153 1758 243 1851 αὐτῷ
280 1764 336 1831 καί
382 1761 511 1851 γύναιον
551 1758 654 1848 ὄνομα
685 1762 848 1854 Φιλησία,
897 1762 991 1830 καλοί
1013 1788 1094 1855 φησι
1134 1761 1328 1855 Δημήτριος

150 1864 334 1960 ὁΜοίγνης,
359 1872 415 1938 καί
432 1868 490 1938 δίο
507 1869 598 1951 vtae,
625 1868 768 1960 Γρύλλος
789 1871 845 1937 καὶ
863 1868 1042 1960 Διόδωρος,
1069 1866 1114 1950 ὥς
1137 1896 1217 1962 φησι
1245 1872 1326 1939 Δεί-

149 2003 263 2066 ναρχος
287 1979 320 2043 ἐν
342 1984 390 2066 τῷ
406 1976 492 2067 πρὸς
518 1981 714 2069 Ξενοφῶνῑα
738 1974 961 2060 ἀποστασίου,
988 1977 1024 2046 οἳ
1043 1978 1099 2045 κοί
1123 1976 1324 2069 ,ίιόσκοοροι

150 2084 381 2152 ἐπεκαλοῦντο.
429 2093 523 2169 Quae
558 2114 600 2155 ex
633 2091 807 2157 Dinarcho
841 2091 981 2156 fluxisse
1013 2090 1327 2178 probabilissimum

148 2203 209 2262 est.
234 2196 440 2282 (Wilamow.
465 2199 486 2263 l.
512 2197 547 2277 l.)

254 2307 394 2371 Praeter
416 2304 629 2371 Dinarchum
651 2306 933 2391 Demetriumque
956 2306 1153 2391 Magnetem
1178 2306 1226 2387 (II
1252 2304 1325 2392 52),

148 2413 207 2497 qui
229 2413 404 2478 Ciceronis
421 2411 492 2477 fere
509 2419 619 2478 aetate
643 2407 720 2495 περὶ
739 2402 920 2491 ὁμωνύμων
935 2412 1086 2497 ποιητῶν
1109 2407 1165 2473 καί
1183 2431 1325 2495 συγγρα-

148 2513 237 2603 φίιον
259 2520 385 2585 librum
410 2521 612 2607 composuit,
637 2526 753 2604 atque,
791 2542 856 2605 quo
891 2520 1106 2605 potissimum
1137 2543 1218 2584 usus
1246 2542 1323 2585 esse

147 2626 294 2710 videtur,
319 2626 474 2692 Dioclem
498 2628 551 2708 (D.
576 2627 613 2691 ΙΙ
636 2624 693 2710 54)
718 2625 809 2710 dieo,
847 2627 905 2712 qui
933 2628 1080 2693 Neronis
1108 2624 1179 2691 fere
1208 2634 1324 2693 aetate

145 2723 354 2818 Ἐπιδρομὴν
373 2733 434 2793 νῶν
450 2724 644 2818 φιλοσόφων
660 2733 807 2820 scripsit,
824 2733 939 2798 laudat
958 2734 1131 2818 Diogenes
1147 2732 1324 2820 Aristippi

146 2840 272 2906 librum
296 2835 373 2924 περί
397 2837 547 2914 παλαιᾶς
571 2841 695 2926 τροφῆς
719 2842 831 2928 (Diog.
856 2842 892 2905 H
920 2842 986 2924 48),
1013 2840 1144 2928 Ephori
1163 2841 1323 2907 historici

146 2948 222 3013 libr.
248 2949 290 3012 25
315 2946 370 3029 (D.
395 2948 519 3032 1154),
556 2949 778 3013 Aristotelem
817 2947 866 3032 (ΙΙ
889 2944 946 3031 55)
977 2948 1160 3035 Hermippi
1193 2948 1322 3014 librum

145 3049 223 3138 περὶ
243 3046 456 3138 Θεοφράστου
479 3056 536 3139 (Π,
561 3056 627 3140 55),
657 3056 835 3120 Timonem
858 3053 979 3140 (ibin),
1004 3055 1194 3121 Stesiolidis
1210 3054 1321 3120 Athe-

145 3163 275 3227 niensis
288 3151 470 3245 ἆναφραρὴν
486 3162 550 3224 τῶν
566 3151 728 3246 ἀρχόντων
744 3157 799 3223 καί
814 3151 1081 3241 Ὀλομνιιονικῶν
1094 3158 1176 3246 (ib),
1191 3162 1320 3229 Istrum

149 3267 199 3353 (Π
233 3269 303 3354 59),
340 3291 423 3355 quos
457 3292 527 3334 non
562 3269 673 3355 magis
704 3270 828 3355 legisse
863 3264 1034 3352 videu1r1)
1070 3292 1171 3354 quam
1205 3270 1321 3355 ipsum

143 3376 425 3463 Xenophontem,
462 3376 521 3441 sed
544 3400 564 3441 a
586 3376 705 3442 Diocle
733 3377 886 3442 laudatos
911 3377 1085 3442 invenisse
1120 3373 1194 3459 (cfr.
1232 3398 1320 3461 quae

145 3484 164 3560 ἓ
200 3484 243 3547 46
259 3520 293 3528 -
314 3485 358 3548 49
394 3484 435 3548 de
469 3484 700 3570 Xenophonte
735 3484 885 3550 Cliniam
924 3490 1059 3549 amante
1097 3482 1203 3548 refert
1241 3506 1320 3549 cum

144 3590 422 3678 symp.1V14).

250 3699 363 3784 Ipsius
398 3720 479 3763 vero
514 3697 679 3763 iudicium
712 3721 732 3763 a
758 3699 914 3784 Diogene
947 3698 990 3763 ad
1021 3698 1147 3764 librum
1183 3721 1317 3783 compo-

143 3804 296 3870 nendum
330 3828 400 3870 non
436 3804 628 3870 adhibitum
659 3828 733 3870 esse
763 3811 798 3870 et
825 3806 963 3871 omnino
994 3811 1113 3871 notum
1142 3811 1251 3870 estet
1275 3828 1318 3871 ex

140 3912 383 3998 Xenophontis
407 3913 501 3978 vitae
525 3913 738 3978 enarratione
762 3913 993 3999 intellegitur,
1017 3936 1105 3998 cum,
1130 3912 1220 3999 quod
1242 3912 1316 3998 ipse

141 4019 178 4084 in
202 4019 350 4086 Socratis
373 4021 446 4086 vita
469 4020 634 4104 narravit,
670 4019 731 4085 ubi
766 4021 1033 4107 Xenophontem
1063 4043 1082 4085 a
1111 4020 1249 4085 Socrate
1278 4020 1317 4085 in

248 4270 275 4335 1)
312 4269 363 4322 cfr.
395 4267 459 4324 Val.
487 4267 573 4337 Rose,
609 4266 644 4322 de
677 4267 797 4322 Aristot.
831 4268 893 4322 libr.
930 4266 989 4322 ord.
1022 4271 1052 4321 et
1081 4272 1189 4322 auctor.
1224 4287 1250 4338 p.
1270 4268 1313 4322 40.

139 4355 286 4415 Balmsch.
306 4357 323 4411 l.
344 4358 361 4412 l.
381 4376 407 4429 p.
427 4360 444 4411 2
463 4375 540 4428 seqq.
