2932 4874
539 235 758 299 -75-

56 407 107 500 μὴ
137 404 369 495 διαμαρτάνειν
396 405 514 498 κρίνων
540 404 582 473 να
611 404 731 492 βελτίω
765 406 822 474 καὶ
856 404 898 473 τα
930 405 1026 498 χείρω
1045 460 1051 474 .
1070 460 1103 474 ..
1128 403 1235 475 ἐδόκει

56 521 210 597 τοιοῦτος
233 510 326 598 εἶναι,
352 508 422 594 οἶος
445 509 485 581 dv
508 512 558 606 εἴη
583 508 715 605 ἄριστός
738 540 773 581 τε
797 509 877 606 ἀνὴρ
900 513 957 580 καὶ
981 509 1234 598 εὐδαιμονέστα-

57 649 127 704 τος.
144 621 222 690 ri'dc'
237 650 283 711 τῳ
299 620 345 713 μὴ
358 617 487 712 ἀρέσκει
499 628 612 704 ταῦτα,
630 619 855 712 παραβάλλων
869 620 907 688 τὸ
925 616 1039 688 ἄλλων,
1049 610 1134 713 ἦθος
1149 620 1235 712 πρὸς

57 735 164 798 ταῦτα
189 725 291 810 οὕτως
313 730 457 819 κρινέτω.
517 735 728 820 Quamquam
755 736 847 800 enim
874 735 962 800 hanc
985 734 1236 822 paragraphum

57 845 234 930 eleganter
257 844 419 930 scriptam
435 865 504 908 non
529 865 601 908 esse
618 842 774 926 concedo,
799 850 914 908 tamen
931 842 1018 908 hanc
1042 843 1084 908 ob
1102 865 1236 908 causam

56 975 79 1016 a
101 950 327 1038 Xenophonte
350 950 611 1016 abiudicandam
640 973 712 1014 esse
748 972 817 1015 non
852 972 982 1015 censeo.
1034 950 1128 1015 Mihi
1151 949 1235 1015 haec

56 1059 270 1124 enumeratio
298 1059 465 1144 languens
494 1063 595 1142 atque
623 1056 784 1122 deformis
809 1057 1012 1143 Cynegetici
1038 1057 1237 1131 memoriam

55 1166 169 1231 affert.
205 1201 249 1210 —
285 1164 353 1231 Sed
375 1171 415 1231 ut
437 1166 535 1230 illum
558 1187 639 1229 vera
662 1164 790 1229 vidisse
816 1170 850 1229 et
873 1164 1135 1230 Oeconomicum
1159 1187 1237 1230 oum

56 1273 229 1338 Oonvivio
264 1274 406 1338 alteram
440 1271 712 1337 Memorabilium
750 1277 881 1358 partem
921 1271 1027 1336 fuisse
1062 1271 1236 1358 faciamus,

55 1387 176 1445 tamen
210 1403 321 1465 neque
357 1379 574 1445 Oeconomioi
608 1379 817 1465 prooemium
852 1378 896 1444 ad
920 1380 1102 1464 septimum
1135 1387 1237 1466 caput

54 1488 83 1552 1.
108 1488 159 1553 IV
181 1489 320 1552 annecti
342 1493 469 1575 potest,
506 1486 566 1552 sed
601 1485 673 1573 ipse
698 1486 921 1551 Schenkelius
945 1486 967 1551 l.
990 1487 1012 1551 l.
1037 1511 1070 1573 p.
1098 1487 1160 1552 151
1184 1487 1237 1551 in·

54 1595 237 1660 tercidisse
273 1595 436 1680 quaedam
470 1601 582 1680 putat,
617 1616 727 1679 neque
763 1615 801 1658 eo
828 1593 929 1659 modo
957 1601 1056 1680 aptus
1080 1595 1235 1681 epilogus

21 1737 27 1747 ·
54 1701 337 1767 Memorabilibus
366 1701 512 1766 additur.
570 1702 659 1766 Nam
693 1707 732 1764 ut
764 1701 872 1787 ipsius
902 1701 1100 1766 Schenkelii
1122 1701 1236 1766 verbis

54 1815 138 1874 utar
161 1807 195 1892 (l.
218 1810 240 1874 l.
264 1833 295 1895 p.
317 1806 407 1892 137):
432 1815 648 1895 exspectatur
672 1808 835 1894 epilogus
864 1830 930 1892 quo
945 1807 1138 1895 Xenophon
1161 1808 1236 1873 bre·

54 1915 150 1982 viter
172 1916 327 2002 repetitis
354 1916 407 2000 iis,
443 1937 528 2001 quae
552 1916 589 1979 in
612 1916 698 1981 libro
723 1915 895 2000 disputata
923 1921 1016 1999 sunt,
1059 1914 1145 1981 falsa
1182 1916 1233 1981 di-

56 2029 153 2088 ceret
187 2030 289 2108 atque
324 2021 449 2108 inania,
485 2045 570 2109 quae
605 2029 815 2088 accusatores
840 2023 971 2088 Socrati
1006 2023 1143 2087 crimini
1178 2023 1236 2088 de-

56 2130 203 2195 dissent.
252 2130 349 2207 Quod
372 2153 483 2215 neque
507 2130 724 2195 Oeconomioi
751 2152 863 2214 neque
888 2130 1048 2195 Oonvivii
1076 2130 1144 2195 fine
1168 2130 1236 2195 Xe·

56 2236 200 2323 nophon
223 2237 315 2302 fecit.
362 2238 427 2303 Vel
455 2238 699 2304 Oeconomicus
734 2259 804 2301 non
827 2236 927 2301 modo
963 2237 1096 2322 epilogo
1132 2245 1233 2322 caret,

58 2344 248 2409 sedetiam
271 2344 365 2409 nulla
388 2343 458 2408 fere
482 2351 554 2409 arte
578 2344 783 2431 compositus
812 2349 877 2426 est;
913 2367 993 2408 nam
1028 2367 1104 2409 cum
1134 2346 1235 2411 initio

60 2451 205 2538 scriptor
229 2451 402 2518 Socratem
425 2473 502 2516 cum
527 2451 701 2517 Critobulo
730 2450 962 2537 disputantem
985 2450 1119 2536 fecerit,
1155 2453 1236 2517 inde

59 2581 80 2623 a
103 2559 247 2644 septimo
272 2559 383 2644 capite
400 2559 554 2624 Socrates
571 2559 678 2645 ipsius
695 2580 772 2622 oum
787 2556 1007 2624 Ischomache
1029 2559 1235 2644 colloquium

59 2673 184 2750 narrat,
210 2665 300 2750 quod
322 2689 429 2751 usque
453 2666 496 2730 ad
519 2665 623 2730 finem
646 2666 726 2732 libri
750 2665 983 2752 continuatur,
1017 2689 1128 2751 neque
1152 2689 1234 2752 quo-

59 2773 161 2839 modo
185 2772 403 2838 discesserint
420 2780 710 2858 commemoratur,
734 2795 847 2859 neque
866 2774 1033 2839 Critobuli
1056 2774 1124 2838 iam
1147 2774 1233 2840 ratio

61 2877 216 2946 habetur.
263 2880 383 2965 ltaque
407 2880 437 2945 si
460 2881 536 2965 quis
558 2880 658 2965 liber,
694 2880 938 2946 Oeconomicus
963 2881 1097 2967 epilogo
1133 2887 1234 2966 caret,

58 2988 121 3074 qui
144 3010 214 3052 non
237 2987 391 3074 perditus
420 2995 493 3052 esse
516 2987 663 3073 videtur,
700 2989 760 3053 sed
794 2988 932 3053 omnino
960 3012 979 3053 a
1006 2988 1234 3074 Xenophonte

51 3095 307 3181 conscriptus.
356 3094 467 3172 Quare
499 3094 640 3160 Linchii
676 3118 808 3181 quoque
832 3096 1047 3181 sententiam,
1084 3097 1143 3181 qui
1167 3098 1233 3162 Ga-

43 3197 174 3268 lenum
186 3208 320 3266 secutus
342 3202 604 3268 Oeconomicum
620 3202 892 3268 Memorabilium
916 3203 1075 3288 quintum
1098 3203 1233 3288 librum,

44 3307 268 3376 Convivium
290 3333 370 3374 vero
394 3310 566 3394 singulare
590 3331 673 3396 opus
698 3332 770 3374 esse
795 3311 928 3374 censuit
951 3308 1110 3393 (Hermes
1132 3311 1260 3378 XVH'

34 3414 148 3499 282),
172 3438 241 3480 non
269 3417 383 3502 probo.
413 3416 620 3481 Oonvivium
645 3422 761 3481 contra
797 3423 832 3481 et
866 3425 938 3482 arte
962 3420 1068 3485 multo
1093 3419 1234 3484 cultiore

33 3533 87 3591 et
116 3546 243 3609 genere
267 3523 404 3588 dicendi
427 3529 497 3588 tam
525 3524 688 3589 alacriore
717 3525 942 3612 compositum
977 3531 1043 3610 est,
1077 3533 1117 3591 ut
1150 3526 1234 3592 haec

24 3635 95 3699 ab
125 3631 245 3695 eodem
267 3631 404 3696 homine
429 3631 547 3696 eodem
570 3631 640 3695 fere
664 3638 816 3717 tempore
852 3633 977 3720 scripta
1001 3656 1073 3698 esse
1097 3657 1233 3720 persua-

31 3742 141 3806 dere
166 3738 252 3802 mihi
274 3760 343 3802 non
367 3739 503 3825 possim.
548 3739 709 3825 Inprimis
725 3744 840 3804 autem
857 3739 1060 3806 Schenkelio
1085 3740 1233 3805 obicien-

23 3850 138 3914 dum
166 3851 230 3929 est,
257 3846 476 3930 Convivium,
514 3846 604 3931 quod
636 3869 698 3933 per
732 3869 768 3912 se
802 3847 929 3934 optime
964 3847 1007 3912 ad
1029 3847 1135 3912 finem
1157 3870 1233 3934 per·

21 3956 199 4022 ductum
223 3958 288 4037 est,
324 3952 354 4016 si
381 3952 655 4018 Memorabilium
690 3961 840 4019 extrema
862 3978 940 4041 pars
963 3954 1137 4040 habeatur,
1162 3955 1232 4040 epi-

18 4054 135 4148 ]ogo
161 4082 273 4124 carere
298 4082 363 4144 quo
387 4066 497 4124 totum
521 4059 730 4125 defendendi
759 4062 907 4127 Socratis
934 4085 1017 4149 opus
1040 4060 1234 4148 Xenophon

27 4166 272 4237 concluserit.
330 4168 449 4252 Neque
484 4168 549 4250 illi,
587 4167 677 4252 quod
711 4168 734 4232 l.
766 4168 788 4232 l.
813 4191 844 4254 p.
874 4169 935 4233 151
972 4158 1132 4253 affirmat,
1173 4169 1234 4234 ubi

33 4274 235 4363 aptissime
260 4274 467 4339 Convivium
491 4275 712 4340 Oeconomico
736 4276 875 4340 annecti
911 4274 1010 4359 dicit,
1038 4275 1232 4341 conceden-

42 4385 141 4450 dum
166 4389 225 4446 est.
273 4383 436 4447 Extremo
472 4382 563 4446 enim
588 4382 813 4449 Oeconomico
840 4383 1035 4470 Xenophon
1069 4390 1233 4469 quantum
